3998 6194
490 404 581 455 Hii

1566 393 1856 452 FACUNDI
1895 388 2105 445 I'LPISC.
2150 386 2655 447 llhllMlANENSIS

3638 392 3739 445 852

489 515 673 581 genset
697 514 772 566 sic
802 512 1039 567 referens
1074 530 1086 564 :
1120 512 1393 580 bixitcrgo
1419 509 1569 561 Jesus
1600 506 1903 560 duodecim:
1929 516 2062 552 nun-
2091 498 2141 557 Α
2174 497 2400 553 Fructus
2429 503 2565 556 enim
2598 504 2840 569 justitiw,
2897 506 3184 559 secundum
3226 506 3445 562 Paulum
3479 508 3495 537 "
3531 521 3739 579 aposto-

492 604 605 667 quitl
629 612 673 655 et
703 618 788 655 vos
834 603 985 656 vultis
1027 603 1164 654 abire
1197 599 1382 672 (Ibid.,
1412 596 1538 669 68)?
1564 595 1706 667 quod
1760 596 1862 649 nisi
1908 607 2057 661 aeque

428 714 433 719 α
492 698 799 764 mysterium
830 710 935 747 non
962 693 1393 762 intelligentibus,
1423 691 1517 745 sed
1550 705 1652 742 non
1699 703 1851 757 atque
1882 687 2057 741 immi-

490 785 631 838 tibus
660 791 713 837 ct
742 784 1040 838 auctoritati
1063 782 1488 844 contumacibus,
1518 780 1738 851 minime
1767 779 2057 831 diceretur.

494 876 603 930 Cur
636 880 1091 945 interrogarentur
1131 884 1306 929 utrum
1339 883 1393 929 et
1419 873 1519 941 ipsi
1564 872 1712 925 abire
1755 870 1974 934 vellent,
2016 868 2060 921 si

486 966 627 1034 quod
661 966 881 1035 mysdce
902 965 1107 1019 dietum
1139 966 1311 1018 fuerat
1340 961 1752 1032 cognovissent?
1781 976 1901 1013 nam
1933 974 2055 1028 my-

493 1057 706 1109 sterium
737 1066 1121 1121 cognoscentes
1149 1055 1497 1109 seandalizari
1539 1062 1594 1108 et
1621 1052 1766 1105 abire
1793 1066 1895 1103 non
1941 1065 2062 1118 pos-

496 1156 632 1201 sent.
674 1147 775 1200 Sel
810 1146 1119 1215 interrogati
1164 1155 1285 1198 sunt
1331 1154 1388 1197 ut
1417 1143 1822 1209 responderent,
1885 1150 2061 1192 utrum

496 1254 612 1305 eos,
643 1240 883 1308 quamvis
915 1254 1020 1292 non
1054 1239 1407 1307 intelligentes
1427 1236 1564 1305 quod
1594 1234 1791 1288 dictum
1820 1243 1921 1295 est,
1942 1232 2063 1286 boni

498 1348 674 1387 tamen
706 1335 941 1400 magistri
973 1342 1173 1386 teneret
1208 1329 1532 1391 auctoritas;
1578 1338 1629 1381 et
1661 1325 1810 1379 nobis
1854 1322 2067 1392 pietatis

498 1432 548 1477 et
596 1422 1020 1478 mansuetudinis
1063 1420 1222 1489 hujus
1269 1420 1485 1474 salubre
1532 1420 1580 1469 ιιι
1629 1416 1705 1467 ris
1737 1414 2065 1482 prteberctur

497 1515 824 1581 t-xcmplum,
870 1523 927 1567 ut
968 1514 1137 1567 siettbi
1190 1527 1295 1565 non
1345 1510 1716 1578 intelligimus,
1767 1504 2066 1559 auctoritati

499 1602 768 1656 redamns.
831 1602 1066 1669 Denique
1105 1600 1183 1656 sic
1213 1600 1285 1653 ibi
1336 1597 1682 1666 interroganti
1722 1593 1947 1648 Domino
1980 1608 2067 1647 re-

499 1693 712 1761 spondit
732 1702 786 1746 et
813 1691 1023 1756 Petrus,
1057 1701 1240 1745 utsnon
1269 1691 1390 1744 ideo
1418 1705 1473 1743 se
1496 1689 1698 1742 diceret
1730 1686 1871 1740 nolle
1900 1686 2067 1749 abire,

510 1783 653 1850 quod
685 1784 996 1852 mysterium
1028 1782 1381 1843 intellexerit,
1414 1779 1509 1835 sed
1540 1779 1659 1848 quia
1688 1778 1814 1831 illud
1844 1778 2017 1845 ipsum
2052 1776 2066 1805 ¹

2163 593 2287 656 Ιυιιι,
2307 593 2359 646 in
2380 608 2509 662 pace
2530 598 2820 649 seminatur
2835 598 3131 667 facientibus
3155 615 3327 667 pacem
3352 598 3487 670 (Jac.
3517 616 3599 667 ιιι,
3625 600 3735 672 18):

2163 681 2284 735 ideo
2313 683 2453 750 quod
2484 684 2504 715 ³
2548 686 2801 740 Dominus
2840 687 2892 741 itt
2936 687 3224 758 Evangelia
3252 689 3427 744 dicit:
3469 688 3581 761 Ego
3629 710 3741 748 sum

2164 775 2280 827 ritis
2305 790 2440 840 vera,
2472 784 2518 829 el
2548 775 2707 830 Pater
2738 794 2878 832 meus
2916 781 3147 850 agricola
3180 791 3294 834 est:
3325 797 3521 836 omnem
3553 783 3767 859 palmig

2163 874 2260 917 tem
2291 866 2343 917 in
2372 882 2450 918 me
2478 884 2577 920 non
2617 868 2857 935 ferentem
2885 870 3128 936 fructum,
3187 870 3325 923 tollet
3365 888 3474 923 eum
3494 914 3509 939 ,
3540 882 3591 925 et
3630 890 3736 926 om-

2164 969 2275 1006 nem
2306 956 2392 1021 qui
2433 959 2529 1023 fert
2573 958 2813 1026 fructum,
2846 959 3084 1027 purgabit
3123 976 3259 1024 eum,
3292 971 3345 1014 ut
3382 964 3495 1029 plus
3521 963 3744 1033 fructum

2165 1046 2346 1112 afferat
2378 1046 2558 1117 (Joan.
2593 1065 2680 1113 xv,
2712 1050 2762 1112 i,
2796 1048 2870 1118 ἓ).
2901 1050 3007 1103 Nec
3044 1051 3242 1104 mirum
3274 1052 3527 1115 videatur.
3554 1056 3597 1108 si
3625 1070 3743 1124 per-

2166 1146 2445 1191 manentes
2478 1138 2528 1191 in
2570 1153 2825 1207 compage
2852 1140 3092 1208 corporis
3133 1139 3347 1205 Christi,
3381 1152 3436 1196 et
3464 1156 3742 1199 servantes

2169 1225 2422 1279 unitatem
2476 1228 2696 1295 spiritus
2738 1228 2789 1281 in
2817 1229 3037 1282 vinculo
3060 1232 3222 1297 pacis,
3253 1246 3346 1298 per
3375 1232 3539 1300 ipsam
3570 1234 3743 1287 citari-

2170 1325 2328 1370 tatetn
2360 1332 2387 1370 a
2408 1319 2519 1372 suis
2543 1326 2834 1386 purgentur
2863 1320 3160 1385 erroribus,
3203 1336 3331 1373 cum
3372 1324 3624 1385 scriptum
3651 1325 3739 1388 sit,

2167 1406 2308 1474 quod
2335 1408 2579 1461 universa
2618 1408 2813 1462 delicta
2841 1411 3045 1478 operiat
3065 1412 3298 1467 cbaritas
3332 1411 3513 1482 (Prov.
3539 1430 3591 1481 ι,
3626 1416 3741 1485 η).

2170 1497 2632 1562 Quemadmodum
2656 1514 2785 1554 vero
2813 1502 3098 1556 multorum
3126 1504 3285 1557 vitam
3334 1520 3429 1573 pro
3457 1505 3741 1576 Scriptura

2175 1588 2267 1643 Dei
2298 1589 2604 1643 testimonio
2626 1605 2655 1643 a
2675 1606 2778 1658 qua
2799 1591 2999 1646 laudati
3021 1602 3163 1657 sunt,
3186 1595 3398 1663 impiam
3432 1596 3611 1651 dicere
3640 1614 3741 1652 non

2172 1677 2454 1742 audemus,
2482 1678 2608 1733 licet
2635 1681 2902 1749 aliquibus
2926 1696 3109 1736 eorum
3144 1683 3295 1739 factis
3325 1686 3550 1754 graviter
3572 1688 3745 1742 oﬂ'en-

2175 1766 2394 1828 damur;
2426 1768 2503 1822 sic
2530 1770 2690 1823 etiam
2724 1770 3009 1825 multorum
3039 1773 3335 1827 doctrinam
3368 1792 3463 1843 pro
3490 1777 3744 1831 Ecclesia:

503 1872 644 1942 quod
687 1888 715 1926 a
749 1875 837 1927 tali
884 1875 1133 1943 magistro
1173 1872 1474 1935 diceretur,
1508 1872 1573 1925 ad
1616 1871 1777 1923 vitam
1817 1878 2070 1922 mmmam
2104 1860 2151 1918 Β
2180 1858 2271 1912 Dei
2302 1858 2605 1913 testimonio
2629 1875 2783 1927 aqua
2808 1860 3053 1916 honorati
3076 1874 3218 1925 sunt,
3241 1864 3543 1919 bmreticam
3567 1868 3744 1921 dicere

502 1962 688 2030 procul
715 1962 879 2017 dubio
909 1964 1215 2031 pertineret.
1242 1963 1331 2016 Ait
1354 1962 1496 2016 enim
1526 1978 1539 2013 :
1576 1960 1812 2025 Domine,
1837 1960 1906 2011 ad
1930 1974 2078 2023 quem

503 2054 725 2108 ibimus?
753 2055 899 2108 verba
921 2056 1035 2109 vitta
1060 2064 1261 2109 trtcrute
1288 2054 1440 2108 habes
1480 2070 1499 2106 :
1545 2064 1592 2105 et
1620 2070 1708 2106 nos
1740 2053 2074 2117 credidimus,

501 2154 550 2196 et
593 2148 915 2215 cognovimus
965 2147 1084 2215 quia
1130 2157 1183 2200 tu
1230 2164 1283 2215 es
1328 2146 1559 2200 Christus
1611 2144 1781 2198 Filius
1836 2141 1930 2197 Dei
1979 2144 2077 2196 vivi

502 2234 686 2299 (Joau.
711 2251 786 2300 vt,
818 2234 933 2306 69).
961 2237 1113 2302 Quod
1135 2238 1178 2290 si
1212 2236 1521 2306 mysterium
1564 2235 1933 2299 intellexisset,
1963 2233 2076 2288 lttec

509 2326 684 2393 potius
713 2327 932 2381 dixisset
964 2346 977 2381 :
1012 2328 1250 2393 Domine,
1275 2344 1370 2381 cur
1404 2328 1660 2381 abeamus
1690 2343 1793 2380 non
1819 2336 1921 2392 est,
1953 2342 2074 2381 cum

513 2414 792 2471 credamus
819 2431 917 2473 nos
944 2422 1187 2490 corpor's
1213 2429 1266 2474 et
1290 2418 1563 2490 sanguinis
1606 2419 1678 2471 tui
1727 2418 1829 2473 (ide
1857 2419 2077 2474 salvan-

504 2506 624 2561 dos.
670 2508 885 2562 Multum
923 2511 1099 2579 itaque
1136 2511 1313 2565 dilTert
1359 2515 1495 2565 inter
1541 2512 1906 2565 btert-tieorum
1952 2528 2077 2581 pro-

506 2600 723 2654 teri-iam
757 2601 1015 2656 immitem
1039 2618 1243 2673 corpus
1263 2605 1516 2658 Ecclesia:
1549 2604 1959 2670 discindentem,
1994 2606 2077 2659 vel

506 2689 560 2741 itt
595 2689 831 2744 Ecclesia
864 2691 1027 2746 corde
1074 2696 1196 2746 lieto
1228 2693 1498 2758 latentem,
1533 2703 1587 2748 et
1626 2694 1799 2748 minus
1830 2710 2078 2764 capacem

506 2779 893 2834 catholicorum
943 2782 1374 2852 intelligentiam,
1407 2784 1667 2839 doctrinae
1716 2782 1914 2839 CbriSIi
1944 2786 2074 2839 sub-

506 2870 723 2938 iectam,
777 2878 831 2925 et
875 2884 1176 2927 servantem
1209 2876 1463 2928 unitatem
1513 2876 1729 2943 spiritus
1762 2876 1813 2928 in
1865 2875 2078 2929 vinculo

508 2962 671 3029 pacis.
707 2964 870 3029 Quem
904 2966 1147 3033 spiritum
1179 2966 1251 3020 illi
1282 2967 1517 3037 prol‘ceto
1551 2985 1653 3021 non
1684 2968 1877 3022 habent
1906 2972 1991 3039 qui
2021 2984 2079 3023 se

507 3057 576 3109 ab
625 3056 859 3111 Ecclesia
903 3068 1226 3128 segregant,
1275 3060 1514 3128 apostolo
1544 3060 1679 3115 Juda
1709 3060 1963 3115 dicente:
2008 3060 2079 3114 Hi

509 3158 626 3202 sunt
654 3151 740 3218 qui
759 3164 1023 3221 segregant
1050 3154 1364 3220 semetipsos,
1410 3154 1676 3212 animales,
1709 3153 1942 3222 spiritum
1980 3170 2078 3207 non

2179 1967 2282 2006 non
2307 1952 2585 2018 debemus,
2614 1953 2737 2008 licet
2767 1955 2817 2007 in
2843 1955 3106 2021 aliquibus
3125 1970 3310 2011 eorum
3340 1957 3495 2012 dictis
3518 1960 3745 2028 graviter

2180 2043 2510 2097 olfettdamur
2537 2062 2549 2098 :
2580 2054 2737 2114 atque
2768 2054 2823 2099 ιιι
2860 2046 2999 2112 illos,
3031 2048 3274 2115 quamvis
3314 2064 3342 2101 a
3381 2048 3559 2103 divina
3602 2049 3743 2105 Scri-

2180 2142 2331 2200 ptura
2366 2135 2607 2209 laudatos
2627 2176 2642 2199 ,
2686 2151 2791 2190 non
2821 2140 3143 2191 arbitramur
3172 2140 3221 2192 ιιι
3254 2142 3500 2195 omnibus
3530 2144 3739 2195 imitati.

2178 2224 2299 2289 dus,
2331 2225 2403 2277 ita
2451 2239 2547 2280 nec
2593 2226 2744 2291 istos,
2792 2230 3033 2294 quamvis
3058 2229 3126 2283 ab
3157 2230 3387 2283 Ecclesia
3431 2232 3737 2294 honoratos.

2180 2314 2500 2368 arbitremur
2547 2315 2601 2368 in
2654 2318 2901 2375 omnibus
2942 2320 3334 2391 approbattdos.
3386 2321 3533 2379 Hauc
3568 2333 3741 2381 autem

2183 2406 2535 2465 reverentiam
2590 2407 2690 2481 ipsi
2745 2412 2945 2467 divina:
2994 2415 3282 2484 Scriptura:
3329 2416 3642 2482 deferimus,
3693 2428 3747 2475 ut

2182 2517 2286 2554 non
2325 2502 2611 2557 credamus
2653 2505 2795 2573 quod
2816 2506 3012 2575 aliquid
3036 2507 3057 2539 ⁸
3088 2508 3301 2578 indigne
3332 2510 3565 2564 laudavit
3590 2512 3636 2565 ⁷.
3688 2514 3748 2566 Et

2183 2594 2301 2648 ideo
2347 2609 2465 2647 cum
2522 2594 2803 2649 audiamus
2848 2597 3157 2664 Apostolutn
3204 2600 3343 2653 inter
3392 2600 3528 2653 alios
3574 2601 3748 2669 justas

2184 2682 2408 2737 Samson
2452 2699 2665 2753 quoque
2712 2685 3014 2741 laudantem
3061 2696 3215 2758 atque
3256 2689 3521 2744 dicentem
3559 2707 3570 2742 :
3610 2690 3750 2758 Deﬁ-

2181 2775 2277 2827 ciet
2308 2776 2439 2828 euim
2487 2794 2563 2831 nte
2609 2788 2804 2848 tempus
2843 2786 3166 2833 citari-autem
3196 2782 3259 2834 de
3287 2780 3521 2845 Ccdeon,
3559 2781 3749 2849 Barac,

2184 2866 2429 2931 Samson,
2468 2866 2653 2936 Jepltte
2673 2909 2688 2931 ,
2741 2868 2905 2923 David
2926 2911 2941 2937 ,
2968 2858 3193 2927 Samuel
3242 2882 3291 2926 et
3333 2873 3591 2943 prophetis
3622 2891 3641 2928 :
3670 2878 3755 2942 qui

2182 2975 2273 3028 per
2298 2958 2451 3025 ﬁdem
2479 2960 2704 3013 vicerunt
2728 2977 2904 3031 regna,
2929 2964 3124 3029 operati
3148 2972 3262 3016 sunt
3283 2965 3560 3034 justitiam,
3586 2967 3753 3036 adepti

2182 3061 2303 3107 sunt
2352 3053 2769 3120 repromissioues
2809 3052 2994 3124 (Hebr.
3033 3070 3110 3119 ιι,
3158 3053 3248 3120 ³52,
3277 3054 3388 3125 35),
3430 3065 3481 3109 ct
3510 3066 3751 3111 extera:

2185 3140 2528 3211 intelligimus
2550 3141 2692 3210 quod
2715 3150 2769 3195 ut
2796 3158 2855 3196 se
2886 3143 3024 3197 ident
3054 3144 3278 3197 Samson
3309 3158 3429 3198 eum
3460 3145 3757 3216 allophylis

514 3240 753 3293 [tabentes
784 3240 954 3310 (tum,
1019 3241 1123 3309 ιθ).
1151 3242 1256 3297 Sed
1304 3257 1403 3297 nec
1434 3244 1509 3296 illi
1550 3243 1690 3297 hunc
1723 3243 1938 3309 habent,
1987 3248 2076 3315 qui
2109 3236 2153 3298 C
2186 3235 2353 3289 ruina:
2384 3236 2611 3305 ingentis
2642 3243 3157 3314 necarelappressu.
3197 3252 3300 3291 non
3332 3252 3448 3292 sum
3479 3238 3758 3293 σοιθιιιῖιδ·

512 3329 636 3382 ﬁcto
660 3330 823 3385 corde
854 3332 903 3383 itt
934 3332 1172 3385 Ecclesia
1203 3331 1372 3385 latent
1404 3347 1418 3384 :
1445 3326 1666 3386 Sanctus
1694 3333 1825 3387 enim
1850 3332 2074 3400 Spiritus

510 3419 796 3487 disciplina:
824 3422 983 3490 fugiet
1022 3422 1198 3490 ﬁctum
1241 3422 1396 3493 (Sap.
1441 3439 1479 3490 ι,
1512 3421 1589 3490 5).
1618 3422 1885 3493 NOuvergo
1914 3424 2079 3479 debe-

512 3526 631 3565 mus
662 3510 776 3566 lttee
798 3514 1017 3566 multum
1050 3514 1275 3568 discreta
1306 3515 1653 3581 confundere,
1686 3530 1781 3569 nec
1813 3516 1951 3570 ident
1987 3533 2080 3585 pn-

510 3612 624 3659 tare
653 3604 792 3672 quod
821 3604 977 3674 longe
1020 3606 1291 3660 diversum
1330 3616 1432 3661 est.
1465 3607 1542 3661 0b
1585 3607 1683 3661 hoc
1715 3608 1872 3675 igitur
1910 3609 2079 3662 sancti

516 3698 722 3762 Patres,
766 3714 986 3768 quorum
1018 3702 1364 3766 apostolicam
1410 3703 1640 3772 regulum
1681 3704 1931 3757 videntur
1960 3706 2079 3774 qui-

513 3787 635 3840 dam
666 3790 803 3842 male
835 3791 1151 3860 transgressi
1179 3832 1192 3856 ,
1228 3808 1331 3845 non
1363 3791 1446 3845 bis
1475 3793 1729 3848 Ecclesia:
1771 3794 2080 3849 doctoribus

514 3879 1012 3935 condemnationem
1066 3891 1384 3945 Statuerunt,
1435 3883 1524 3952 qui
1569 3899 1747 3950 parent
1779 3883 1896 3953 ejus
1923 3884 1988 3937 ad
2020 3884 2080 3938 li-

514 3986 636 4028 nem
661 3987 828 4041 usque
850 3985 1144 4037 servantes,
1181 3976 1232 4027 in
1269 3975 1582 4043 quibusdam
1616 3975 1733 4029 ﬁdei
1766 3975 2080 4030 (Ibristianm

510 4062 733 4117 forsitan
781 4075 1128 4129 erraverunt;
1156 4065 1250 4120 sed
1292 4066 1395 4119 illis
1445 4066 1535 4134 qui
1567 4076 1684 4133 post
1724 4081 1881 4119 unam
1912 4076 1964 4120 ct
1990 4082 2077 4120 sc-

511 4154 737 4209 cundam
759 4157 1173 4224 correptionem,
1208 4157 1538 4211 manifestata
1560 4160 1716 4210 etiam
1741 4157 1918 4226 regula
1942 4158 2078 4211 veri-

516 4245 656 4311 tatis,
686 4260 782 4314 per
820 4247 1081 4316 synodum
1137 4256 1354 4315 paterna
1412 4256 1697 4301 consttuta
1744 4258 2078 4314 servantem,

510 4336 651 4390 aliud
676 4338 896 4393 credere
918 4355 979 4392 ac
999 4340 1192 4392 docere
1228 4350 1606 4407 prtesumerent
1635 4356 1647 4392 :
1678 4341 1797 4409 quia
1832 4356 1926 4393 nec
1964 4356 2083 4408 pus-

513 4437 633 4481 sent
671 4429 814 4481 solos
854 4430 997 4495 ipsos
1036 4430 1393 4485 condemnare
1419 4430 1660 4497 2absque
1710 4429 1856 4483 omni
1903 4432 2082 4484 Eccle-

512 4521 612 4584 sia,
644 4535 762 4589 qua:
784 4537 903 4574 cum
933 4538 1025 4576 eos
1063 4522 1388 4586 adverteret,
1425 4538 1527 4575 non
1570 4522 1745 4593 arguit
1795 4523 1913 4576 laiia
1948 4540 2082 4589 pra:-

2186 3326 2253 3379 tis
2277 3324 2629 3392 impatientia,
2660 3324 2755 3379 scd
2791 3336 2918 3378 nutu
2964 3326 3146 3380 divino
3174 3327 3459 3396 inspiratus
3488 3327 3594 3382 hoc
3617 3329 3760 3383 fece~

2181 3420 2272 3474 rit.
2319 3420 2568 3489 Alioquin
2624 3434 2721 3473 nec
2767 3419 3039 3475 sufﬁciens
3079 3422 3126 3476 ei
3176 3421 3343 3474 virtus
3394 3422 3657 3489 daretur,
3707 3434 3759 3480 ut

2186 3519 2345 3563 tanta:
2397 3510 2777 3578 magnitudinis
2822 3509 3109 3576 fabricam,
3142 3512 3190 3563 in
3226 3526 3331 3580 quo
3351 3527 3483 3581 gens
3513 3513 3758 3586 allophy-

2185 3601 2357 3655 lorum
2398 3600 2642 3655 convivia
2683 3602 3004 3664 celebrabat,
3054 3602 3165 3656 suis
3210 3603 3455 3656 manibus
3500 3616 3754 3672 quateret

2183 3704 2340 3762 atque
2389 3692 2675 3761 dejiceret;
2730 3709 2901 3762 neque
2942 3694 2984 3746 si
3019 3704 3148 3747 nutu
3175 3694 3386 3762 proprio
3430 3696 3533 3749 sibi
3568 3711 3755 3751 necem

2184 3788 2471 3857 ingereret,
2513 3785 2650 3839 inter
2678 3785 2853 3854 justus
2894 3785 2959 3837 ab
3010 3785 3267 3854 Apostolo
3316 3786 3627 3840 laudaretur
3664 3806 3677 3839 :
3710 3800 3759 3841 et

2182 3877 2302 3931 ideo
2341 3877 2538 3931 factum
2588 3876 2703 3945 ejus
2750 3892 2813 3931 ex
2858 3875 3051 3932 divinae
3090 3877 3376 3947 Scriptura:
3422 3880 3757 3947 testimonio,

2184 3982 2285 4021 nan
2318 3982 2382 4020 ex
2416 3980 2595 4021 nostra
2624 3967 3005 4021 consuetudine
3029 3966 3350 4035 judicamus.
3386 3968 3513 4022 Item
3546 3984 3673 4023 cunt
3698 3972 3761 4025 ab

2182 4058 2365 4112 eadem
2398 4058 2667 4123 Scriptura
2710 4057 2980 4111 videamus
3011 4058 3213 4112 laudari
3260 4060 3452 4124 David,
3501 4060 3595 4129 qui
3633 4077 3753 4128 per-

2182 4157 2388 4215 petrato
2449 4148 2710 4203 adulterio
2782 4148 3125 4203 homicidium
3189 4165 3397 4219 quoque
3455 4156 3761 4220 conjunxit,

2182 4240 2432 4306 quoniam
2478 4240 2529 4291 in
2560 4255 2620 4292 ca
2653 4240 2812 4293 simul
2839 4241 3079 4308 legimus,
3110 4243 3248 4309 quod
3276 4244 3459 4295 borum
3482 4244 3760 4300 sceletum

2184 4328 2548 4395 pmnitentiam
2596 4330 2788 4397 egerit,
2842 4330 3041 4385 ideirco
3089 4332 3156 4385 ab
3204 4346 3267 4385 ea
3317 4335 3586 4387 credimus
3642 4352 3765 4390 esse

2184 4418 2471 4470 laudatum.
2498 4419 2629 4473 Cum
2663 4437 2787 4473 vero
2822 4422 2999 4476 laudet
3023 4424 3181 4475 etiam
3213 4424 3515 4485 pontificem
3547 4427 3761 4488 Aaron.

2186 4506 2271 4576 qui
2295 4511 2513 4563 vitulum
2557 4512 2677 4564 fecit
2719 4510 2771 4564 ill
2808 4514 3012 4578 Coieb,
3062 4522 3121 4568 ut
3152 4516 3464 4570 adoraretnr
3494 4534 3522 4568 ει
3557 4522 3765 4586 papulo

514 4608 774 4664 atomum
822 4612 1068 4665 Omnium
1117 4613 1312 4680 quippe
1371 4614 1594 4676 meram,
1652 4628 1679 4663 3
1730 4612 1922 4679 quibus
1979 4630 2081 4665 non
2112 4595 2161 4655 D
2190 4601 2382 4670 (Exod.
2436 4605 2628 4671 xxxii),
2677 4619 2773 4657 nec
2816 4605 2977 4658 refert
3014 4605 3100 4659 ubi
3140 4622 3261 4660 eum
3305 4608 3432 4660 tanti
3485 4611 3769 4680 sacrilegii

512 4708 637 4753 sunt
662 4700 978 4767 improbata,
1025 4718 1145 4756 cum
1180 4704 1258 4756 eis
1287 4719 1389 4756 non
1426 4713 1598 4755 essent
1634 4704 1923 4771 ineognita.
1959 4705 2085 4758 l’cr-

515 4795 665 4848 vich
722 4797 898 4863 igitur,
953 4797 1370 4851 clemtntissitnc
1422 4799 1728 4865 intperator,
1763 4810 2079 4867 quantorum

511 4887 786 4941 damnatio
814 4897 1190 4955 consequatur,
1222 4888 1265 4940 si
1290 4889 1567 4957 quisquam
1598 4906 1658 4943 ex
1688 4891 1880 4945 talibus
1906 4902 2085 4959 poste-

510 4993 692 5033 rorum
725 4979 1135 5045 praesumptione
1162 4978 1484 5031 damnetur:
1516 4980 1643 5031 tanti
1678 4995 1803 5033 vero
1834 4981 2082 5047 penditur

514 5070 564 5122 in
596 5072 800 5124 unitate
828 5070 1067 5137 corporis
1106 5070 1300 5123 Christi
1333 5086 1546 5123 manere
1569 5111 1582 5134 ,
1631 5080 1686 5124 et
1717 5087 1820 5125 nou
1849 5084 2079 5126 conten-

516 5166 705 5216 tinsum
745 5178 801 5216 se
830 5164 1081 5231 obiicere,
1126 5162 1219 5225 sed
1261 5162 1486 5216 docilem
1528 5163 1795 5231 subjici-re
1843 5163 2079 5219 animum

508 5253 757 5316 veritati,
811 5263 865 5305 ut
910 5268 1002 5320 pro
1052 5255 1195 5321 pacis
1230 5254 1398 5320 ipsius
1442 5264 1495 5307 et
1545 5254 1814 5308 charitatis
1861 5255 2034 5311 fructu
2065 5298 2081 5323 ,

514 5343 652 5406 quod
683 5342 900 5396 forsitan
932 5344 951 5375 ⁸
982 5345 1137 5397 aliter
1166 5349 1367 5413 sapitur
1395 5362 1550 5414 quam
1582 5362 1703 5399 vera
1736 5347 1866 5399 ﬁdes
1895 5349 2081 5417 exigit,

514 5442 764 5501 purgetur
818 5449 846 5485 a
893 5432 1152 5499 Domino,
1216 5446 1271 5489 ιιι
1326 5436 1440 5503 plus
1480 5438 1529 5490 in
1584 5452 1710 5504 pace
1764 5437 2079 5503 frttetilicet;

585 5635 597 5663 ¹
627 5633 761 5687 Cod.
788 5632 1007 5704 Veram,
1033 5635 1273 5703 quidquid
1295 5636 1427 5688 illud
1454 5648 1600 5695 esset,
1628 5638 1783 5704 quod.

581 5705 598 5735 ⁸
630 5704 770 5756 ltlettt
795 5703 891 5756 cod
926 5745 938 5765 ,
972 5706 1306 5757 condemnare
1334 5707 1578 5759 d-‘t‘lOl't’a’.

582 5773 599 5801 ³
635 5774 771 5827 ldetn
799 5772 940 5836 cot_l.,
974 5779 1014 5825 sl
1038 5776 1160 5839 quid
1190 5778 1427 5841 forsitan.

581 5843 601 5873 ⁸
634 5844 775 5899 idem
807 5843 951 5911 cod,
977 5842 1247 5897 Iacobum.

2188 4693 2514 4761 putuituerit,
2560 4696 2722 4761 exigit
2759 4711 2785 4747 a
2831 4697 2984 4750 nobis
3032 4701 3328 4753 revetentia
3373 4716 3530 4770 quam
3578 4703 3770 4758 eidem

2188 4793 2384 4837 sancta:
2414 4786 2698 4854 Scripturte
2723 4786 3003 4854 debemus,
3040 4797 3095 4840 ut
3123 4805 3423 4858 quanquam
3451 4793 3551 4845 hoc
3574 4800 3766 4849 tacue-

2187 4879 2275 4942 rit,
2302 4895 2405 4932 non
2436 4888 2610 4932 tamen
2647 4881 2930 4934 credamus
2962 4881 3101 4948 quod
3149 4898 3269 4935 eum
3312 4864 3533 4937 laudare
3562 4887 3767 4952 possit,

2188 4968 2289 5022 nisi
2315 4968 2381 5022 de
2403 4976 2547 5024 tanto
2576 4971 2858 5040 sacrilegio
2889 4972 3254 5037 pteaitentem.
3292 4973 3440 5027 llanc
3471 4974 3642 5045 igitur
3673 4977 3779 5030 ob-

2189 5063 2513 5117 servantiam
2547 5074 2731 5116 lettct‘c
2765 5079 2860 5116 nos
2887 5074 3097 5129 oportet
3124 5074 3178 5116 et
3209 5067 3259 5118 in
3297 5066 3380 5119 bis
3406 5081 3641 5136 quorum
3674 5067 3769 5123 do-

2184 5155 2350 5208 etrina
2384 5154 2434 5207 in
2467 5154 2709 5208 Ecclesia
2738 5154 2834 5209 Dei
2867 5164 3078 5224 recepta
3105 5166 3181 5209 est
3208 5173 3221 5219 ;
3268 5156 3388 5210 utsi
3419 5157 3544 5225 quid
3573 5173 3685 5212 nos
3717 5161 3771 5212 in

2188 5262 2370 5300 eorum
2413 5248 2589 5300 verbis
2621 5246 2924 5313 offendet-it,
2967 5249 3110 5315 prius
3152 5262 3474 5317 quieramus,
3522 5265 3593 5304 ne
3625 5249 3773 5304 forte

2190 5357 2294 5394 tton
2328 5340 2426 5409 ipsi
2470 5341 2770 5403 veritatem,
2805 5340 2895 5394 sed
2931 5356 3028 5394 nos
3056 5355 3240 5396 eorum
3272 5340 3622 5396 intentionem
3662 5345 3771 5397 nti-

2192 5448 2292 5487 nus
2324 5435 2591 5503 potuimus
2613 5432 2875 5487 invenire.
2902 5433 2963 5487 Et
2993 5433 3438 5503 quemadmodum
3471 5434 3605 5492 illud
3627 5451 3773 5505 opus

2252 5639 2271 5669 δ
2302 5639 2438 5693 Idem
2472 5639 2590 5693 cod.
2617 5678 2631 5701 ,
2663 5640 2892 5706 ideoque.

2254 5710 2275 5743 ε
2305 5710 2443 5764 Idem
2466 5710 2606 5772 cotl.,
2634 5710 2873 5777 aliquem.

2254 5782 2272 5811 ⁷
2308 5780 2447 5835 idem
2478 5778 2622 5848 cod.,
2654 5780 2949 5837 laudat-erit.
