3998 6202
189 283 294 338 835

1050 284 1181 339 PRO
1221 283 1650 340 DEFENSiONE
1691 283 1902 338 TRIUM
1943 283 2250 341 CAPITUL.
2294 285 2420 339 LIB.
2464 283 2575 339 ΧΗ.

3362 285 3462 338 8M

188 398 419 450 Samson
450 410 515 450 ex
547 394 739 450 divinat
788 394 1079 464 Scriptura:
1121 396 1450 456 teStitnonio.
1488 404 1540 449 et
1574 410 1676 448 non
1706 409 1769 447 ex
1801 397 1847 453 Α
1872 374 2154 464 judicavit,
2202 406 2515 451 cunctorum
2546 410 2664 463 qua:
2696 396 2746 450 in
2803 396 2889 449 illa
2931 395 3327 453 ealnmniantur
3361 399 3479 455 ha:-

196 498 378 543 nostra
411 486 803 541 consuetudine
828 487 1131 554 jndicamus
1164 507 1174 540 :
1206 489 1279 541 ita
1320 497 1374 542 et
1421 486 1612 539 horum
1641 487 1782 540 dicta

188 596 255 635 ex
284 579 544 633 Ecclesia:
574 577 903 642 testimonio,
936 589 990 632 et
1018 593 1122 632 non
1164 595 1230 631 ex
1260 588 1440 632 nostra
1484 578 1784 646 intelligen-

194 677 268 730 tia
290 672 616 744 judicemus.
647 672 703 727 Si
735 687 861 726 vero
883 681 1061 726 certus
1091 670 1304 726 illorum
1332 680 1412 725 est
1441 684 1615 736 error,
1650 669 1785 723 sicut

199 765 368 819 David
412 771 574 833 atque
626 763 829 827 Aaron,
878 777 984 816 non
1022 761 1121 815 nisi
1162 776 1259 831 pro
1300 761 1418 830 ejus
1446 762 1786 829 correptione

197 855 484 909 credamus
546 852 714 906 fuisse
778 851 1057 915 laudatos,
1118 853 1230 905 sive
1283 850 1385 903 hoc
1439 851 1783 914 ostendatur,

199 943 653 1013 quemadmodum
671 942 1011 997 Theodorum
1054 957 1171 1011 qua:
1202 942 1377 995 minus
1407 953 1561 995 caute
1604 950 1787 1010 protu-

202 1038 337 1091 lerat
361 1035 697 1092 ostendimus
719 1035 1067 1099 emendasse;
1095 1035 1207 1087 sive
1237 1035 1338 1088 hoc
1370 1034 1506 1087 forte
1531 1050 1635 1087 non
1668 1049 1789 1100 pos-

201 1127 273 1182 sit
303 1127 580 1182 evidenter
620 1125 835 1180 cstendi
867 1140 881 1177 :
916 1139 1036 1178 nam
1083 1125 1231 1178 aliter
1275 1124 1394 1177 illos
1426 1124 1660 1178 Ecclesia
1696 1122 1789 1176 Dei

202 1220 501 1288 approbare
543 1234 647 1273 non
682 1218 866 1284 possit.
902 1216 1049 1271 Sicut
1079 1225 1256 1270 autem
1288 1216 1447 1269 nimis
1478 1216 1786 1269 indecorum

203 1321 290 1363 est
318 1319 372 1363 et
399 1308 686 1373 oﬂ‘ensutn,
720 1318 777 1360 ut
820 1320 1005 1360 eorum
1052 1314 1265 1374 precata
1306 1305 1497 1372 quibus
1545 1307 1789 1358 tesnmo-

203 1404 355 1458 nium
391 1403 609 1472 justitiae
642 1400 916 1469 Scriptura
965 1398 1057 1453 Dei
1099 1396 1387 1467 perhibuit,
1420 1396 1793 1451 curiosissime

203 1494 547 1563 requirentes
599 1501 915 1546 enumerata
962 1491 1314 1553 denotenius,
1373 1488 1497 1542 hinc
1552 1487 1794 1543 volentes

204 1585 384 1639 sancti
412 1591 570 1653 atque
617 1583 1018 1637 incontaminati
1044 1580 1213 1636 videri
1241 1598 1254 1634 :
1287 1581 1357 1635 ita
1390 1581 1545 1634 nimis
1575 1580 1796 1634 indeco-

207 1691 333 1730 rum
364 1685 447 1729 est
483 1683 640 1744 atque
671 1673 958 1739 offensum,
988 1688 1040 1727 ut
1073 1673 1428 1742 ignorantiam
1465 1686 1651 1726 eorum
1680 1670 1798 1740 qui-

1889 490 2060 555 retici,
2113 492 2378 545 rationem
2424 490 2558 543 actis
2588 489 2856 543 inseruit?
2900 504 3019 543 cum
3049 489 3345 561 intelligere
3372 492 3464 548 de.

1890 580 2065 644 beant,
2090 579 2233 649 quod
2260 579 2662 635 accusatoribus
2690 578 2792 633 lba‘.
2825 578 3069 648 epistola:
3096 581 3226 635 nihil
3257 582 3310 637 in
3342 598 3459 638 eam

1888 671 2284 739 opponentibus
2307 670 2350 741 ⁸,
2384 686 2603 729 necesse
2645 686 2749 726 non
2780 670 3027 728 habuerit
3069 674 3121 727 in
3156 674 3344 729 talibus
3376 676 3463 729 im-

1890 764 2106 816 morari.
2161 763 2311 829 Quod
2369 765 2414 816 si
2464 774 2745 833 propterea
2783 765 3204 820 succensendum
3265 780 3471 835 magnae

1888 854 2094 923 synodo
2119 863 2350 922 putetur,
2385 858 2508 925 quia
2541 857 2743 910 futuras
2767 857 3137 913 haereticorum
3168 860 3466 915 calumnias

1890 958 1995 996 non
2026 949 2317 1011 praevertit,
2350 947 2482 1013 ipsis
2506 962 2717 1015 quoque
2747 946 3022 1016 prophetis
3050 958 3210 1015 atque
3243 959 3466 1017 aposto-

1890 1034 1954 1087 lis
1975 1051 2053 1088 ευ(
2071 1044 2351 1090 censeatur
2378 1050 2595 1091 necesse
2619 1048 2721 1103 eSt,
2746 1051 2866 1090 cum
2892 1036 3054 1090 multa
3080 1038 3187 1091 sint
3211 1038 3259 1090 in
3285 1053 3468 1093 eorum

1892 1126 2090 1180 litteris
2119 1143 2347 1195 quorum
2373 1143 2493 1182 cum
2526 1128 2622 1195 ipsi
2646 1139 2862 1195 possent
2890 1129 3005 1181 sine
3025 1128 3127 1181 ulla
3153 1128 3469 1182 difficultate

1894 1216 2130 1284 pandere
2175 1219 2459 1281 rationem,
2503 1216 2737 1271 maximo
2781 1232 2921 1270 nunc
2965 1217 3142 1270 studio
3194 1228 3355 1287 atque
3396 1220 3470 1271 la-

1895 1306 2025 1360 bore
2054 1308 2122 1361 ab
2169 1308 2610 1375 ingeniosissimis
2653 1319 2812 1378 atque
2850 1309 3174 1365 doctissimis
3198 1325 3472 1378 exponun-

1898 1406 2004 1451 tur.
2052 1397 2385 1469 Cognoscant
2432 1400 2609 1467 igitur,
2644 1400 2785 1468 quod
2840 1402 2921 1454 his
2965 1400 3364 1455 difficultatibus
3412 1403 3476 1455 (i-

1897 1488 2019 1543 dem
2067 1505 2129 1544 ac
2177 1491 2427 1559 pietatem
2477 1492 2730 1547 Ecclesia:
2779 1508 2889 1546 suae
2933 1489 3179 1547 Christus
3209 1499 3477 1548 exerceat.

1900 1581 2030 1636 Nam
2076 1584 2260 1652 utique
2292 1585 2460 1655 magis
2493 1587 2787 1655 prophetas,
2834 1586 3005 1655 magis
3045 1595 3199 1653 atque
3230 1585 3480 1654 apostoli,

1904 1675 2105 1728 futuras
2130 1691 2264 1744 quas
2297 1677 2665 1744 pra-videbant
2694 1677 3131 1729 calumniantium
3155 1678 3236 1730 vel
3270 1693 3371 1729 non
3402 1678 3484 1729 in-

207 1766 316 1821 bus
342 1765 708 1820 testimonium
748 1779 893 1820 sana:
920 1762 1179 1818 doctrina:
1214 1746 1465 1817 Ecclesia.
1484 1762 1578 1817 Dei
1619 1762 1797 1831 perhi-
1828 1762 1875 1820 B
1903 1766 2281 1835 telligentium,
2314 1778 2406 1821 aut
2438 1769 2671 1822 vitarent
2698 1779 2789 1821 aut
2838 1769 3110 1822 solverent
3139 1770 3479 1837 quaesumus.

209 1857 354 1921 buit,
378 1856 849 1924 scrupulosissime
873 1857 1261 1925 perquiramus,
1296 1864 1352 1908 et
1376 1854 1422 1908 si
1451 1868 1584 1924 quos
1610 1869 1795 1909 eorum

209 1947 731 2018 deprehenderimus
764 1948 847 2003 vel
880 1947 1241 2016 putaverimus
1270 1960 1504 2012 errores,
1552 1947 1601 1998 in
1636 1960 1798 1999 unum

208 2051 499 2111 congestos
525 2032 865 2101 ventilemus,
916 2037 1038 2092 hinc
1065 2037 1308 2091 volentes
1341 2036 1515 2091 videri
1548 2036 1690 2091 docti
1720 2044 1801 2088 at-

210 2145 326 2200 que
354 2128 620 2183 catholici.
672 2128 775 2183 Sed
806 2127 1254 2197 quemadmodum
1300 2126 1510 2180 illorum
1563 2136 1799 2195 peccata,

215 2224 294 2275 ita
324 2231 376 2275 et
408 2220 597 2274 horum
631 2221 673 2273 si
716 2234 817 2288 qua
860 2217 1134 2272 invenitur
1166 2217 1483 2285 ignorantia,
1519 2214 1718 2269 sufﬁcit
1749 2224 1805 2270 ut

212 2326 341 2366 cum
369 2311 592 2380 legimus
616 2307 1003 2377 improbemus,
1036 2306 1295 2374 Apostolo
1336 2306 1546 2359 dicente
1573 2320 1587 2357 :
1616 2303 1805 2357 Omnia

217 2404 456 2474 probate,
504 2404 641 2473 quod
669 2403 853 2456 bonum
877 2412 950 2455 est
981 2410 1140 2454 tenete
1180 2399 1230 2471 (Ι
1252 2400 1431 2455 Thess.
1479 2415 1531 2466 v,
1562 2399 1675 2468 2|).
1705 2402 1804 2453 At—

217 2509 328 2565 que
355 2505 410 2548 ut
435 2493 644 2547 illorum
677 2493 859 2556 vitam,
891 2506 995 2545 non
1015 2506 1079 2545 ex
1105 2489 1424 2561 quibusdam
1447 2488 1804 2557 culpabilibus

219 2587 383 2641 factis
429 2586 682 2654 impiam,
723 2584 817 2638 sed
864 2598 929 2638 ex
974 2583 1095 2638 aliis
1143 2582 1310 2637 multo
1362 2581 1602 2651 pluribus
1643 2580 1806 2637 rectis

212 2676 443 2748 justam,
492 2678 783 2732 secundum
828 2662 1118 2746 Scriptura:
1147 2677 1239 2731 Dei
1273 2676 1630 2732 testimonium
1664 2673 1809 2745 judi-

217 2784 411 2824 camus
447 2788 458 2822 :
484 2770 555 2824 ita
586 2782 639 2826 et
669 2770 861 2825 horum
902 2770 1226 2835 doctrinam,
1262 2783 1366 2822 non
1397 2784 1461 2822 ex
1490 2767 1807 2838 quibusdam

219 2862 579 2930 culpabilibus
624 2862 781 2916 dictis
832 2860 1163 2924 haereticam,
1214 2858 1310 2914 sed
1354 2874 1420 2914 ex
1472 2860 1589 2913 aliis
1644 2858 1811 2913 multo

222 2954 477 3025 pluribus
516 2956 675 3009 rectis
708 2953 1025 3009 catholicam
1072 2942 1365 3006 secundum
1416 2950 1673 3003 Ecclesiae
1720 2949 1810 3002 Dei

224 3044 594 3099 testimonium
619 3043 942 3113 judicemus.
969 3040 1123 3097 Unde
1149 3052 1330 3095 sancta
1356 3040 1592 3111 synodus
1623 3039 1813 3094 Orien-

1905 1860 2199 1915 Attcntlant
2229 1861 2368 1930 quod
2402 1860 2590 1915 Petrus
2617 1861 2892 1929 apostolus
2923 1860 3092 1913 dicat:
3114 1858 3486 1913 Dilectissimus

1902 1953 2061 2021 frater
2087 1963 2258 2005 noster
2288 1952 2513 2020 Paulus,
2545 1953 2822 2006 secundum
2865 1970 2975 2005 eam
3003 1968 3116 2022 qua:
3156 1954 3277 2006 data
3306 1964 3380 2007 est
3408 1952 3487 2007 illi

1904 2046 2208 2116 sapientiam
2236 2046 2441 2114 scripsit
2467 2045 2627 2109 vobis,
2661 2054 2716 2099 ut
2763 2048 2815 2099 in
2847 2048 3077 2099 omnibus
3123 2049 3364 2115 epistolis,
3411 2050 3488 2101 loc

1908 2154 2064 2206 quens
2092 2138 2145 2190 in
2172 2138 2244 2190 eis
2273 2139 2334 2189 de
2355 2137 2434 2190 Itis
2454 2138 2506 2190 in
2535 2138 2715 2205 quibus
2745 2148 2863 2191 sunt
2889 2139 3125 2207 qtta’dam
3154 2138 3381 2208 difficilia
3410 2141 3490 2190 in-

1908 2227 2134 2293 tellectu,
2162 2244 2276 2298 qua:
2291 2229 2499 2283 indocti
2546 2239 2695 2297 atque
2723 2229 2985 2284 instabiles
3020 2238 3328 2299 pervertunt,
3361 2230 3489 2284 sicut

1914 2330 1960 2374 et
1989 2329 2200 2373 crateras
2242 2320 2564 2390 Scripturas,
2612 2321 2681 2372 ad
2711 2322 2975 2391 praprium
3015 2336 3163 2374 suum
3210 2322 3489 2377 interitum.

1916 2414 2026 2471 .Vos
2052 2418 2209 2487 igitur
2240 2416 2599 2481 amantissimi,
2648 2417 2966 2484 prwscientcs
2994 2423 3181 2479 cavete,
3222 2432 3284 2469 ne
3311 2418 3457 2486 infan
3475 2447 3487 2456 -

1911 2518 2109 2562 storum
2130 2524 2300 2561 errore
2329 2508 2525 2561 seducti
2553 2506 2805 2560 decidatis
2831 2524 2862 2558 a
2892 2505 3303 2559 corroboratiane
3337 2517 3493 2560 vestra

1913 2599 2003 2672 (II
2034 2600 2177 2655 Pctr.
2208 2614 2288 2666 Ill,
2321 2600 2536 2667 15-17).
2572 2598 2710 2653 Ecce
2736 2614 2844 2653 non
2875 2598 3048 2653 solum
3080 2612 3200 2652 cum
3239 2598 3493 2667 prmvide-

1915 2703 2036 2749 rent
2065 2708 2171 2747 non
2203 2693 2506 2746 vitaverunt
2536 2690 2761 2753 futuras,
2786 2690 2878 2744 sed
2909 2692 3068 2745 etiam
3100 2706 3219 2745 cum
3251 2706 3486 2759 praesen-

1918 2797 1996 2844 tes
2026 2788 2289 2853 viderent,
2325 2803 2429 2841 non
2474 2786 2626 2839 nobis
2666 2785 3013 2839 absolverunt
3043 2784 3381 2837 indoctorum
3414 2792 3493 2834 at-

1915 2896 2021 2950 que
2049 2880 2396 2941 instabilium,
2426 2893 2556 2946 quas
2577 2893 2641 2930 ex
2668 2891 2851 2932 eernm
2878 2877 3068 2930 litteris
3097 2882 3374 2945 opponunt
3397 2874 3496 2927 Eo-

1915 2974 2130 3038 clesiaa,
2187 2971 2531 3039 qumstiones.
2584 2968 2690 3022 Nec
2742 2965 3019 3037 quisquam
3074 2967 3178 3020 illis
3233 2967 3497 3035 imputare

1916 3065 2254 3120 Christianus
2282 3062 2462 3132 audet,
2491 3062 2630 3130 quod
2674 3062 2797 3115 talia
2839 3061 2998 3115 locuti
3031 3069 3155 3114 sunt
3182 3076 3302 3131 quae
3332 3061 3490 3113 iidem

226 3137 301 3191 tis
339 3135 644 3190 Theodosio
690 3134 931 3188 scribens
975 3132 1186 3187 dicebat
1220 3148 1235 3185 :
1271 3150 1289 3183 ‹
1329 3130 1384 3187 Si
1430 3146 1607 3185 autem
1661 3130 1810 3199 quid-

1920 3159 2114 3212 indocti
2151 3166 2307 3226 atque
2365 3130 2639 3210 instabiles
2686 3169 2780 3223 pro
2839 3153 3141 3208 intellectus
3185 3130 3500 3207 difﬁcultate

226 3243 417 3297 quam,
458 3230 747 3297 imperator
794 3234 1002 3293 sancte,
1033 3226 1324 3281 obscurum
1364 3224 1559 3292 aliquis
1590 3222 1815 3277 inveniri

226 3318 379 3373 dicat
434 3318 486 3372 in
529 3316 799 3374 Theodori
845 3318 926 3372 vel
968 3317 1194 3371 aliorum
1240 3317 1452 3379 litteris,
1506 3316 1608 3371 hoc
1648 3323 1820 3369 retra-

227 3409 363 3464 ctari
393 3410 751 3464 necessarium
783 3423 889 3463 non
922 3419 1026 3464 est.
1061 3410 1299 3474 Quorum
1330 3406 1473 3462 enim
1505 3408 1615 3460 vita
1647 3406 1698 3459 in
1732 3421 1817 3460 sa-

230 3502 478 3557 cerdotio
524 3513 579 3557 et
624 3502 924 3557 ministerio
973 3502 1233 3570 optimum
1279 3500 1462 3553 habuit
1510 3497 1692 3563 finem,
1738 3498 1821 3551 his

230 3597 508 3668 praelatam
536 3596 756 3666 gloriam
784 3594 1120 3659 dedicamus,
1158 3600 1212 3648 et
1240 3606 1348 3647 non
1378 3607 1444 3646 ex
1486 3591 1591 3644 illis
1618 3605 1713 3644 eos
1734 3589 1820 3658 ju-

232 3687 480 3744 dicamus
502 3693 573 3742 de
600 3685 793 3756 quibus
814 3685 978 3755 aliqui
1001 3683 1257 3739 atrociter
1285 3695 1379 3737 eos
1401 3688 1674 3736 accusant.
1709 3699 1726 3731 ι

853 3816 1080 3873 CAPUT
1121 3814 1182 3871 ll.

237 3914 396 3981 Quod
440 3913 707 3969 retractari
736 3927 838 3965 non
874 3912 1087 3993 debeant
1128 3926 1188 3965 ea
1228 3926 1341 3980 qua:
1362 3911 1417 3964 in
1448 3908 1645 3980 synodo
1670 3907 1823 3962 semel

774 3993 890 4037 sunt
923 3992 1215 4036 constituta.
1678 4054 1683 4059 ι

312 4099 422 4157 Sed
455 4112 599 4163 erce,
630 4097 772 4167 quod
795 4096 1040 4152 ultimum
1073 4093 1229 4149 nobis
1253 4093 1320 4148 ad
1350 4092 1823 4149 demonstrandam

238 4195 507 4250 rationem
541 4191 702 4246 totius
745 4203 922 4244 causa:
972 4194 1324 4254 remanserat,
1357 4187 1519 4242 etiam
1566 4185 1633 4240 de
1673 4186 1827 4240 laude

239 4284 515 4341 Theodori
539 4280 899 4352 Mopsuesteni
927 4282 1057 4333 satis
1083 4292 1352 4348 superque
1372 4278 1667 4341 docuimus,
1692 4278 1828 4331 hanc

240 4378 529 4447 epistolam
559 4377 699 4431 velut
729 4374 1039 4428 haereticam
1064 4374 1208 4440 juste
1246 4385 1350 4424 non
1392 4384 1555 4439 posse
1584 4369 1826 4438 culpari;

244 4485 345 4527 nos
391 4478 590 4534 tamen,
641 4465 780 4520 sicut
818 4463 1129 4534 prmdictum
1177 4470 1280 4527 est,
1313 4475 1419 4514 non
1454 4462 1506 4514 in
1536 4469 1718 4514 nostra
1756 4476 1831 4513 ra.

244 4562 418 4625 tione,
445 4573 748 4627 quanquam
772 4557 1015 4611 videatur
1044 4552 1267 4621 invicta,
1298 4553 1397 4608 sed
1428 4554 1478 4606 in
1511 4553 1833 4606 auctoritate

243 4652 424 4711 saneti
446 4650 658 4706 concilii
690 4665 797 4720 quo
822 4651 837 4681 ⁸
867 4658 1112 4716 suscepta
1153 4656 1258 4711 est,
1307 4643 1722 4701 constituimus’
1745 4644 1836 4697 ﬁr-

244 4746 519 4801 mitatem.
548 4742 791 4798 Sufficiat
816 4738 974 4810 igitur
996 4738 1331 4794 instructioni
1364 4737 1704 4807 parvulorum
1739 4751 1833 4788 no-

244 4847 511 4899 strorum,
540 4850 607 4888 ne
636 4832 1067 4888 scandalizentur
1115 4831 1166 4884 in
1201 4830 1283 4884 his
1311 4846 1427 4900 qua:
1461 4830 1527 4884 de
1555 4829 1641 4883 illa
1671 4827 1839 4883 confi-

243 4939 334 4982 cta
367 4934 514 4987 sunt,
548 4924 686 4993 quod
715 4925 894 4979 omnia
936 4922 1151 4979 diverso
1182 4929 1342 4989 atque
1371 4920 1669 4987 multiplici,
1703 4927 1758 4973 et
1787 4919 1837 4973 in

244 5023 571 5090 obsequium
600 5020 847 5075 veritatis
873 5016 1109 5087 undique
1138 5022 1492 5070 concurrente
1520 5028 1720 5081 genere
1744 5013 1837 5066 dc-

246 5115 517 5171 fcnsionis
531 5114 879 5168 exclusimus.
906 5112 1014 5165 Nec
1044 5108 1181 5178 apud
1212 5122 1271 5162 se
1298 5116 1542 5175 reputent
1572 5106 1837 5170 dicentes,

244 5222 351 5261 cur
382 5220 489 5259 non
523 5205 689 5273 magis
730 5203 859 5257 illud
901 5200 1219 5265 concilium,
1267 5198 1405 5268 quod
1440 5199 1605 5268 ipsam
1645 5198 1843 5266 cpisto—

244 5302 365 5356 lam
404 5299 595 5354 merito
622 5306 781 5353 rectae
813 5296 936 5352 fidei
977 5310 1137 5365 quam
1189 5295 1446 5356 continet,
1487 5292 1843 5347 ortbndosam

331 5488 357 5513 λ
386 5477 530 5533 Edit.
556 5478 746 5541 Leon.,
782 5477 932 5530 etiam
959 5477 1011 5528 in
1041 5491 1117 5529 eo.

330 5547 359 5588 δ
384 5549 527 5605 Edit.
559 5547 753 5614 Lcon.,
785 5549 1029 5616 majorem
1058 5546 1282 5615 fructum
1324 5554 1624 5615 conspectu.

340 5731 357 5763 ⁸
386 5728 517 5782 Cod.
550 5727 770 5789 Veron.,
801 5743 834 5779 a
862 5741 985 5795 qua.

345 5798 365 5828 ²
390 5798 531 5855 Idem
558 5800 705 5866 cod.,
737 5799 845 5871 ejus
874 5794 1245 5850 constituimus.

1920 3259 2323 3323 perverterent;
2351 3251 2443 3304 sed
2475 3250 2567 3303 Dei
2598 3248 2775 3317 potius
2798 3247 2847 3300 in
2873 3246 2974 3300 hoc
2998 3246 3253 3315 judicium
3284 3255 3500 3298 contre-

1921 3344 2114 3409 miscit,
2141 3342 2279 3412 quod
2314 3340 2619 3410 hujusmodi
2645 3338 3029 3393 tentationibus
3062 3336 3186 3391 illud
3219 3336 3501 3404 impletur,

1924 3446 1981 3490 ut
2011 3437 2099 3506 qui
2124 3435 2177 3488 in
2209 3434 2456 3489 sordibus
2483 3444 2566 3487 est
2593 3430 2871 3485 sordescat
2901 3430 3094 3494 adhuc,
3124 3428 3297 3497 justus
3325 3436 3502 3480 autem

1919 3529 2145 3598 jnstiora
2172 3527 2352 3591 faciat,
2386 3536 2442 3581 et
2464 3534 2680 3580 sanctus
2710 3525 2977 3579 sanctiora
3007 3523 3191 3594 (Apoc.
3225 3536 3356 3585 uti,
3392 3518 3503 3589 tl).

1925 3618 2077 3673 Unde
2105 3618 2147 3671 si
2176 3631 2331 3686 quam
2363 3614 2718 3669 reverentiam
2749 3612 3039 3667 deferimus
3078 3613 3238 3666 etiam
3269 3610 3506 3681 synoda-

1926 3716 2064 3768 libus
2100 3711 2400 3766 constitutis
2438 3709 2507 3762 ab
2548 3708 2783 3762 Ecclesia
2832 3704 3119 3761 universali
3164 3703 3419 3772 receptis,
3454 3702 3506 3755 in

1925 3805 2174 3859 omnibus
2202 3819 2319 3872 quze
2342 3803 2569 3857 obscura
2597 3801 2647 3854 in
2676 3800 2756 3855 eis
2787 3809 2841 3854 et
2863 3798 2929 3851 ad
2972 3796 3381 3865 intelligendum
3409 3795 3507 3848 dit-

1928 3899 2087 3953 ﬁcilia
2142 3898 2459 3965 reperimus,
2519 3894 2753 3948 divinam
2803 3892 3133 3945 voluntatem
3184 3901 3509 3960 cognoscere

1929 3997 2087 4059 atque
2110 3988 2406 4056 approbare
2428 3986 2704 4041 debemus.
2732 3982 3021 4052 Cognoscis
3045 3993 3243 4047 autem,
3278 3980 3510 4035 serenis~

1930 4081 2066 4136 sime
2112 4078 2438 4147 imperator,
2492 4076 2633 4146 quod
2685 4090 2792 4129 non
2848 4074 3113 4128 immerito
3170 4073 3512 4128 beatissimus

1933 4170 2041 4226 Leo
2088 4170 2402 4224 temerarios
2463 4182 2491 4219 a
2549 4166 2925 4221 retractatione
2993 4164 3263 4234 praedicta:
3322 4164 3512 4234 synodi

1932 4263 2239 4328 coercebat,
2267 4275 2384 4316 cum
2416 4259 2579 4314 Leoni
2623 4257 2849 4327 principi
2884 4256 3143 4310 scriberet
3174 4254 3357 4309 dicens
3385 4270 3399 4307 :
3423 4253 3511 4307 Ni:

1936 4357 2010 4411 hil
2043 4370 2261 4423 prorsus
2290 4355 2357 4408 de
2384 4354 2518 4408 bene
2548 4351 2859 4419 compositis
2888 4356 3223 4403 retractetur.
3258 4345 3359 4414 Qui
3389 4361 3515 4400 rur-

1936 4462 2046 4512 sus,
2072 4462 2190 4500 cum
2218 4445 2285 4499 ab
2313 4459 2381 4499 eo
2407 4443 2517 4495 suis
2548 4440 2739 4496 litteris
2760 4437 3024 4505 flagitaret
3049 4445 3375 4491 memoratus
3402 4435 3512 4489 Au-

1861 4508 2143 4609 1)gustns,
2199 4546 2254 4590 nt
2303 4537 2354 4588 in
2403 4535 2603 4602 regiam
2644 4532 2916 4585 civitatem
2949 4529 3169 4583 veniens
3215 4527 3414 4597 aliquid
3461 4526 3513 4579 in

1939 4632 2177 4701 ejusdem
2220 4626 2406 4697 synodi
2456 4624 2670 4679 statutis
2713 4623 2798 4677 vel
2829 4621 3148 4690 corrigeret,
3191 4620 3272 4675 vel
3304 4618 3518 4690 supple-

1940 4735 2042 4789 ret,
2077 4721 2217 4791 qnod
2269 4718 2380 4773 ﬁeri
2424 4718 2541 4771 sine
2579 4713 2882 4769 detestabili
2913 4712 3357 4783 praavaricatione
3411 4726 3516 4764 non

1944 4825 2161 4886 posset;
2195 4813 2272 4867 sic
2315 4814 2363 4867 ei
2394 4809 2644 4866 rescribit
2678 4807 2870 4880 (Epist.
2912 4805 3037 4875 19.5)
3065 4824 3076 4858 :
3104 4823 3122 4857 ι
3158 4804 3383 4859 Litteras
3413 4803 3519 4855 cle-

1947 4909 2161 4965 mentite
2192 4917 2314 4972 tuae,
2346 4904 2532 4974 plenas
2560 4905 2756 4957 virtute
2785 4901 2905 4955 fidei
2938 4910 2992 4955 et
3022 4898 3223 4952 lumine
3254 4893 3518 4959 veritatis,

1949 5009 2265 5058 veneranter
2319 4997 2498 5067 accepi
2538 5012 2552 5049 :
2593 4996 2787 5063 quibus
2835 5004 3083 5060 cuperem
3133 4987 3185 5040 in
3229 5000 3293 5039 eo
3320 4993 3345 5021 ι
3379 4983 3518 5052 quod

1951 5094 2291 5167 praesentiam
2320 5108 2492 5147 meam
2526 5092 2695 5161 pietas
2732 5099 2911 5140 vestra
2949 5079 3302 5135 necessariam
3332 5077 3521 5130 existi-

1953 5166 2082 5256 rnat,
2115 5188 2353 5253 obedire,
2390 5196 2448 5240 ut
2483 5184 2688 5252 majore
2718 5179 2887 5233 fructu
2930 5178 3273 5241 conspectum
3301 5166 3327 5206 δ
3355 5167 3519 5223 vestri

1955 5283 2255 5355 splendoris
2307 5291 2648 5348 assequerer;
2698 5270 2790 5330 sed
2840 5268 3007 5337 magis
3055 5264 3254 5321 vobisc
3293 5261 3524 5315 arbitror

2025 5478 2046 5505 ε
2078 5465 2216 5520 Etlit.
2249 5463 2438 5527 Leon.,
2471 5460 2525 5514 id
2554 5457 2711 5511 vobis.

2035 5718 2055 5748 ³
2080 5715 2223 5771 idem
2252 5708 2398 5773 cod.,
2427 5704 2564 5775 quod
2602 5695 2979 5775 accusatoribus
3012 5692 3119 5775 Ibte
3147 5701 3369 5759 eptswpt
3396 5682 3529 5739 nihil

1968 5765 2501 5855 hinc-bpponentébus,
2537 5788 2732 5829 necesse
2766 5784 2864 5823 non
2893 5765 3139 5820 habuerit.
