3998 6194
481 332 578 360 (ετ-τ

479 356 505 385 (ι
514 356 580 385 οδ

1540 326 1837 385 ΡΑΟΓΝΏΙ
1880 326 2092 381 EPlSC.
2137 322 2641 380 lllifillll.\NENSlS

3634 316 3737 371 836

476 443 790 512 placiturum
818 482 833 506 ,
888 441 1027 511 quod
1082 431 1387 511 eligendum
1448 439 1585 493 ratio
1642 439 2052 493 demonstravit.
2089 442 2132 499 Λ
2165 439 2375 492 rissima
2403 437 2525 491 tuba
2553 451 2663 490 sua:
2688 432 3019 489 auctoritatis
3043 430 3627 501 intoiiatinquietorum
3647 447 3743 486 au-

478 535 607 590 Nam
637 550 758 588 cum
787 542 973 587 sancto
1008 531 1238 601 spiritali
1273 541 1299 568 ι
1330 531 1507 585 studio
1539 516 1802 585 universae
1823 529 1850 567 δ
1877 543 2061 598 pacem

480 624 738 680 Ecclesia:
789 622 1062 688 muniatis,
1097 622 1334 691 nihilque
1376 622 1446 675 sit
1482 621 1896 676 convenientius
1938 619 2063 673 fidei

480 716 853 778 defendenda,
899 729 1059 783 quam
1100 715 1186 767 bis
1228 729 1348 782 qua:
1396 728 1491 781 per
1541 713 1721 767 omnia
1760 712 2063 766 instruente

480 805 684 874 Spiritu
729 813 918 859 sancto
959 804 1509 873 irreprebensibilttcr
1551 804 1770 858 deﬁnita
1814 815 1939 858 sunt
1984 804 2066 857 in-

482 898 726 951 hzerere:
760 897 858 966 ipsi
892 896 1194 950 videbimur
1231 897 1368 951 bene
1408 906 1607 949 statuta
1633 897 1962 959 convellere,
2010 905 2066 950 et

483 988 833 1041 auctoritates
866 1001 999 1056 quas
1032 988 1267 1041 Ecclesia
1315 989 1634 1042 universalis
1686 989 1929 1057 amplexa
1960 996 2063 1053 est,

483 1078 549 1132 ad
586 1079 866 1132 arbitrium
912 1078 1175 1132 hatreticaa
1220 1079 1489 1146 petitionis
1537 1078 1862 1149 infringere,
1910 1086 2069 1147 atque

484 1170 556 1222 ita
590 1168 794 1223 nullum
822 1168 1144 1222 collidendis
1173 1170 1420 1222 ccclesiis
1462 1169 1677 1224 modum
1716 1184 1938 1238 ponere,
1972 1169 2068 1223 sed

485 1261 606 1310 data
640 1259 855 1313 licentia
885 1258 1204 1323 rebellandi,
1247 1258 1471 1313 dilatare
1513 1260 1679 1328 magis
1704 1274 1861 1327 quam
1886 1259 2067 1327 sopire

487 1351 797 1403 certamina.
841 1348 993 1403 Unde
1023 1350 1142 1417 quia
1198 1360 1321 1419 post
1370 1350 1489 1403 illas
1538 1350 1825 1418 presinze
1880 1350 2068 1420 synodi

486 1438 812 1506 impietates,
853 1439 1047 1506 quibus
1089 1440 1332 1493 Dioscori
1393 1441 1598 1494 scelere
1627 1440 1760 1494 fides
1802 1441 2068 1494 catholica

488 1530 736 1592 refutatu,
763 1538 817 1581 et
842 1530 1163 1596 perversitas
1204 1529 1535 1598 Entycbiana
1566 1518 1815 1599 suscepta
1848 1540 1952 1595 est,
1987 1532 2072 1585 ni-

490 1616 565 1668 hil
598 1617 663 1669 ad
697 1618 1160 1670 conservationem
1192 1617 1315 1672 fidei
1343 1618 1663 1673 Christianae
1692 1621 1875 1675 utilius
1899 1624 2072 1690 potuit

490 1706 751 1774 utdittari,
794 1724 951 1776 quam
1002 1720 1059 1761 ut
1091 1710 1333 1777 praedicti
1369 1711 1577 1764 facinus
1617 1720 1800 1766 sancta
1833 1713 2069 1783 synodus

2165 527 2314 581 sibus
2346 526 2668 591 inbibendis,
2705 532 2761 579 et
2789 523 2919 577 dicit
2952 520 3144 591 (Epist.
3170 522 3261 591 '78)
3286 537 3298 573 :
3328 538 3346 572 ι
3378 520 3506 586 Qua:
3533 519 3737 591 patefa-

2165 629 2247 674 cta
2279 630 2401 674 sunt
2444 633 2711 688 quaerere,
2752 631 2870 685 qua:
2902 616 3132 683 perfecta
3174 624 3298 668 sunt
3341 623 3660 679 retractare,
3689 625 3744 670 et

2165 726 2284 781 qum
2315 722 2439 765 sunt
2486 710 2708 765 definita
2753 709 3079 773 convellere,
3112 708 3237 778 quid
3285 708 3426 761 aliud
3472 718 3554 762 est
3585 723 3742 776 quam

2166 803 2234 855 de
2264 800 2471 866 adeptis
2496 803 2720 871 gratiam
2749 814 2855 853 non
2881 797 3104 861 referre,
3136 807 3191 851 et
3234 798 3299 849 ad
3330 797 3626 852 interdicta:
3656 814 3744 851 ar-

2170 893 2317 947 boris
2335 895 2523 946 'cihum
2558 892 2829 959 improbos
2857 889 3125 960 appetitus
3165 888 3455 943 mortifera}
3484 888 3747 958 cupidita-

2169 985 2235 1037 tis
2260 982 2632 1037 extendere?»
2666 982 2857 1036 Verum
2885 991 3060 1035 autem
3096 979 3177 1033 his
3222 989 3379 1049 atque
3407 982 3525 1033 aliis
3564 982 3748 1035 multis

2170 1075 2497 1145 lmjusmudi,
2548 1091 2666 1144 qua:
2717 1074 2882 1128 Leoni
2921 1072 3152 1142 principi
3190 1073 3487 1141 Sa'pissime
3526 1070 3749 1141 scripsit

2170 1166 2259 1218 ille
2289 1168 2368 1219 vir
2402 1166 2520 1233 Dei,
2572 1164 2746 1219 minus
2777 1180 2933 1234 quam
2978 1164 3122 1227 volo,
3153 1173 3207 1217 et
3233 1178 3392 1231 quam
3424 1178 3559 1217 mea:
3608 1163 3745 1219 affe-

2168 1257 2334 1310 ctioui
2359 1257 2531 1311 debeo
2558 1254 2941 1319 demonstravi,
2973 1261 3169 1323 quanta
3202 1252 3363 1307 fuerit
3394 1254 3509 1321 ejus
3540 1254 3749 1307 sollici-

2172 1348 2301 1402 tudo
2328 1358 2485 1417 atque
2530 1347 2737 1402 cautela
2781 1330 2877 1415 pro
2903 1344 3248 1400 custodienda
3271 1344 3568 1399 reverentia
3593 1359 3747 1416 syno-

2170 1440 2366 1494 dalium
2400 1448 2744 1493 statutorum.
2796 1437 2928 1490 Nam
2960 1437 3011 1489 iu
3059 1435 3163 1489 illis
3206 1433 3457 1489 omnibus
3499 1438 3747 1505 superius

2171 1530 2500 1593 memoratis,
2534 1543 2707 1599 neque
2750 1528 2973 1582 ulterius
3002 1534 3311 1593 retractare,
3355 1542 3529 1596 neque
3573 1529 3747 1585 discu-

2172 1629 2287 1675 tere
2331 1636 2387 1674 se
2436 1635 2596 1690 posse
2639 1618 2914 1688 professus
2959 1625 3042 1671 est
3077 1631 3140 1671 ea
3188 1630 3307 1686 qua:
3343 1616 3509 1670 semel
3539 1615 3750 1673 fuerant

2178 1715 2603 1769 Chalcedonensi
2647 1710 2863 1767 deflnita
2910 1709 3163 1776 concilio,
3202 1709 3349 1763 velut
3395 1724 3511 1778 quae
3564 1719 3751 1764 nosset

493 1798 952 1856 Chalcedonensis
1002 1801 1275 1869 aboleret,
1324 1810 1380 1855 et
1429 1811 1572 1855 tanta
1630 1803 1741 1856 illic
1791 1806 2077 1858 haberetur
2108 1798 2152 1857 Β
2185 1822 2289 1861 non
2318 1816 2426 1859 tam
2454 1806 2688 1859 humano
2714 1818 2874 1874 quam
2903 1804 3082 1859 divino
3124 1801 3317 1872 Spiritu
3352 1801 3661 1856 constituta.
3697 1801 3751 1854 In

492 1891 728 1943 caelestis
760 1903 887 1942 citra
936 1889 1217 1956 doctrinae,
1254 1899 1311 1943 ut
1358 1891 1493 1944 nihal
1527 1892 1579 1945 in
1620 1892 1932 1962 Cujusquam
1961 1895 2076 1963 opi~

486 1984 651 2035 vnione
682 1984 967 2044 resideret,
997 1983 1136 2052 quod
1166 2000 1193 2035 a
1224 1984 1691 2053 praedicationibus
1721 1986 1802 2038 vel
1836 1987 2079 2054 prophe-

492 2076 612 2128 ticis
644 2077 725 2129 vel
768 2076 1073 2144 apostolicis
1099 2076 1443 2130 dissonaret:
1475 2092 1538 2131 ea
1587 2078 1791 2132 scilicet
1827 2080 2076 2133 moderao

493 2167 638 2221 tione
667 2172 901 2234 servata,
938 2177 995 2223 ut
1038 2169 1326 2223 rebellibus
1373 2178 1577 2223 tantum
1622 2186 1683 2225 ac
1716 2173 2079 2239 pertinacibus

493 2264 557 2316 ab
589 2263 846 2318 Ecclesiae
879 2263 1083 2318 unitate
1111 2264 1345 2333 rejectis,
1372 2267 1498 2318 nulli
1525 2274 1767 2320 correcto
1795 2267 1952 2320 venia
1986 2282 2079 2321 ne-

488 2367 714 2422 garetur
756 2374 770 2409 :
806 2356 933 2424 quid
988 2356 1351 2425 probabilius?
1398 2358 1523 2426 quid
1584 2358 1885 2427 religiosius
1930 2370 2077 2427 pote—

495 2444 562 2498 rit
594 2445 764 2508 pietas
794 2457 971 2499 vestra
1005 2446 1328 2511 decernere,
1361 2463 1519 2517 quam
1552 2458 1607 2501 ut
1644 2464 1763 2518 quae
1816 2464 1923 2504 non
1972 2462 2076 2503 tam

498 2535 748 2589 humanis
779 2551 935 2604 quam
967 2536 1163 2591 divinis
1200 2549 1325 2591 sunt
1368 2548 1568 2592 statuta
1610 2539 1860 2605 decretis,
1895 2541 2079 2595 nullus

496 2630 633 2683 ultra
678 2628 889 2683 sinatur
933 2632 1225 2697 impetere;
1280 2646 1346 2684 ne
1389 2646 1512 2685 vere
1554 2632 1696 2701 digni
1725 2635 1834 2685 sint
1875 2642 2076 2687 tantum

496 2721 591 2777 Dei
624 2736 817 2777 munus
858 2722 1128 2788 amittere,
1163 2723 1253 2792 qui
1280 2722 1348 2777 de
1375 2725 1597 2778 veritate
1636 2723 1800 2793 ipsius
1829 2728 1943 2779 ausi
1974 2726 2082 2782 fue-

497 2814 608 2865 rint
659 2814 939 2867 dubitare?
972 2833 989 2864 ι
1037 2814 1302 2882 l’etspicis
1336 2815 1788 2885 quemadmodum
1841 2818 2077 2873 Leonem

499 2905 796 2973 principim
844 2915 1084 2969 moneat,
1127 2904 1212 2961 his
1256 2923 1376 2981 quae
1421 2923 1516 2977 per
1553 2911 1730 2963 omnia
1775 2912 2079 2966 instruente

500 2996 703 3063 Spixitu
735 3009 922 3052 sancto
955 2997 1005 3069 in
1038 3009 1331 3051 memorata
1364 2999 1571 3070 synodo
1596 3001 2079 3069 irreprebensibili-

501 3098 582 3139 ter
612 3086 829 3140 definita
868 3098 993 3143 sunt
1029 3088 1291 3144 inhaerere
1322 3100 1481 3157 atque
1518 3091 1830 3158 decernere,
1876 3103 1933 3145 ut
1958 3107 2076 3161 qua:

496 3196 606 3233 non
648 3194 749 3234 tam
798 3183 1041 3237 humanis
1088 3198 1245 3251 quam
1274 3182 1466 3237 divinis
1498 3193 1625 3237 sunt
1666 3193 1861 3239 statuta
1892 3185 2079 3240 decre—
2103 3161 2149 3222 ί)

500 3272 591 3337 tis,
637 3272 814 3327 nullus
868 3274 1008 3326 ultra
1052 3273 1261 3327 sinatur
1310 3275 1590 3341 impetere.
1639 3275 1919 3341 Quomodo
1949 3290 2079 3345 ergo

502 3378 607 3415 non
643 3363 865 3430 profane
911 3374 1289 3429 retractantur,
1342 3374 1400 3417 ut
1430 3379 1535 3418 non
1565 3365 1739 3418 dicam
1787 3368 2080 3436 reprehen-

502 3454 717 3515 dantur,
761 3455 939 3508 divina
967 3454 1220 3510 decreta?
1248 3455 1352 3509 Sed
1381 3456 1498 3524 quis
1530 3455 1687 3524 hujus
1723 3456 1948 3511 Romani
1980 3472 2079 3512 an-

501 3543 682 3599 tistitis
717 3548 1036 3615 gravitatem
1078 3562 1183 3601 non
1224 3549 1517 3617 pricdicet?
1558 3551 1678 3620 quis
1723 3561 1921 3604 tantam
1952 3566 2078 3606 con~

504 3635 754 3687 stantiam
804 3650 907 3689 non
958 3638 1223 3692 honoret?
1275 3640 1488 3693 Movere
1541 3641 1681 3694 hunc
1741 3650 1920 3708 posset
1972 3643 2081 3697 ullo

502 3725 665 3776 modo
694 3725 967 3779 saecularis
999 3736 1235 3794 potestas
1264 3742 1294 3780 a
1325 3730 1588 3784 sententia
1621 3745 1725 3785 non
1754 3732 2083 3786 retractandi

500 3827 623 3879 qua:
658 3813 911 3868 divinitus
945 3816 1158 3871 fuerant
1188 3820 1496 3886 constituta,
1530 3836 1688 3890 quem
1731 3823 2082 3889 corporaliter

504 3905 626 3957 loco
653 3920 872 3959 movere
903 3922 1006 3960 non
1041 3910 1251 3976 potuit?
1280 3910 1593 3978 Splenderet
1621 3911 1866 3981 equidem
1899 3914 2084 3981 procul

504 3995 669 4049 dubio
719 3996 1019 4067 ubicunque
1069 3999 1154 4052 sol
1184 4012 1359 4066 esset;
1404 4003 1497 4055 sed
1537 4002 1589 4055 in
1636 4004 1775 4058 creto
1814 4004 1893 4057 sol
1928 4005 2084 4074 longe

503 4085 819 4143 honoratius
863 4089 1129 4161 longeque
1175 4092 1479 4159 decentius,
1520 4096 1609 4150 ubi
1658 4096 1805 4151 locus
1846 4096 1963 4164 ejus
2001 4109 2085 4152 est

498 4191 742 4232 summus
764 4190 818 4234 et
838 4194 1104 4250 congruus
1125 4184 1393 4238 universis
1424 4186 1621 4253 pariter
1644 4186 1991 4255 illustrandis,
2014 4203 2085 4245 ne

501 4270 700 4324 multos
743 4269 979 4337 deserat,
1023 4288 1143 4327 cum
1173 4274 1409 4329 declinat
1456 4277 1520 4330 ad
1565 4278 1801 4347 aliquos.
1844 4278 2085 4350 Denique

504 4372 647 4416 tanta
676 4363 935 4419 libertatis
980 4374 1139 4435 atque
1188 4367 1415 4421 rationis
1445 4370 1563 4433 ejus
1608 4370 1926 4425 auctoritate
1964 4386 2087 4440 per-

415 4466 423 4475 '
504 4466 684 4509 motus
708 4456 867 4509 etiam
902 4456 1340 4527 religiosissimus
1369 4460 1636 4530 princeps.
1666 4476 2078 4531 supervacuam,

2180 1900 2257 1953 eis
2287 1907 2461 1951 autem
2490 1912 2609 1967 quae
2638 1896 2812 1950 adhuc
2850 1911 3275 1950 commemorare
3311 1892 3574 1962 diSposui,
3614 1893 3751 1946 alios

2179 1991 2341 2044 etiam
2388 1992 2815 2058 qualemcunque
2851 1988 3265 2057 disputatiOnem
3306 1988 3323 2018 ¹
3355 1989 3423 2043 de
3459 1996 3751 2042 memorata

2179 2081 2387 2152 synodo
2415 2080 2833 2135 cum‘hmreticis
2864 2080 2997 2134 inire
3028 2079 3319 2147 prohibuit.
3351 2079 3590 2148 Namque
3630 2092 3751 2131 cum

2179 2173 2441 2228 scriberet
2463 2189 2568 2227 non
2599 2173 2769 2227 solum
2800 2173 3089 2241 episcopis,
3115 2173 3212 2227 sed
3244 2172 3405 2227 etiam
3436 2172 3644 2226 clericis
3666 2186 3752 2224 ca-

2182 2264 2388 2318 tholicis
2413 2273 2465 2317 et
2492 2263 2889 2318 confessoribas
2921 2278 2984 2316 ex
3028 2261 3261 2333 AZgypto
3285 2272 3307 2300 ο
3334 2262 3473 2332 apud
3503 2262 3753 2317 Constan-

2181 2355 2457 2423 tinOpolim
2482 2354 2811 2418 coastitutis,
2844 2354 2923 2406 sic
2950 2368 3041 2407 eos
3072 2355 3347 2407 admonuit
3374 2371 3386 2407 :
3415 2371 3433 2404 ι
3467 2356 3619 2407 Omni
3651 2353 3754 2407 ita-

2179 2460 2284 2516 que
2314 2445 2582 2499 dilectioni
2613 2456 2808 2500 vestra:
2853 2444 3030 2497 studio
3059 2458 3121 2498 ac
3164 2444 3347 2498 labore
3374 2444 3649 2499 nitendum
3675 2454 3755 2498 est

2180 2555 2247 2594 ne
2278 2541 2384 2593 ulla
2414 2538 2781 2593 insidiantium
2813 2538 3129 2607 disceptatio
3162 2539 3327 2615 possit
3353 2538 3589 2603 admitti,
3620 2550 3759 2592 neve

2180 2634 2284 2688 huc
2333 2634 2401 2687 ab
2436 2631 2707 2687 ba-reticis
2737 2632 2909 2684 valeat
2948 2630 3199 2697 obtineri,
3247 2645 3354 2697 quo
3393 2628 3757 2697 evangelieam

2180 2725 2339 2779 fidem
2385 2724 2726 2779 manifestum
2758 2733 2843 2778 est
2877 2724 3194 2792 impugnari.
3237 2722 3370 2777 Nam
3416 2722 3760 2777 deﬁnitarum

2180 2834 2359 2873 rerum
2390 2832 2522 2888 quas
2554 2826 2717 2870 tanta:
2748 2815 2938 2886 synodi
2970 2816 3050 2868 Vel
3080 2814 3522 2869 Christianissimi
3560 2814 3762 2883 princi-

2186 2912 2267 2980 pis
2297 2912 2477 2964 sanxit
2522 2912 2831 2973 auctoritas,
2863 2917 2917 2962 et
2960 2908 3267 2977 apostolica:
3294 2905 3437 2963 sedis
3467 2908 3761 2961 conﬁrma-

2180 3004 2255 3056 vit
2285 3015 2559 3067 assensus,
2598 2999 2731 3053 nihil
2755 3010 2965 3066 Opertet
2989 2995 3203 3063 discuti,
3238 3014 3305 3052 ne
3333 3007 3522 3053 contra
3551 2999 3630 3053 fas
3657 3000 3762 3054 ali-

2182 3094 2306 3162 quid
2340 3092 2580 3146 videatur
2606 3091 2848 3160 infringi;
2885 3092 3213 3161 multumque
3253 3090 3374 3145 fidei
3409 3097 3467 3146 et
3507 3094 3766 3146 sacerdo-

2186 3182 2273 3235 tali
2307 3182 2623 3236 constantitc
2651 3182 2956 3249 derogatur,
2988 3180 3033 3234 si
3060 3195 3181 3234 cum
3228 3180 3306 3233 his
3336 3180 3425 3250 qui
3457 3180 3769 3235 homicidiis

2183 3284 2237 3328 et
2272 3273 2449 3327 furore
2477 3273 2667 3342 repleti
2699 3282 2844 3338 sunt,
2874 3286 2936 3325 ac
2966 3272 3151 3325 volunt
3178 3281 3490 3325 convertere
3521 3270 3770 3341 Evange-

2184 3366 2312 3419 lium
2354 3365 2573 3430 Christi,
2617 3374 2671 3418 et
2700 3363 2938 3418 facinore
2968 3377 3065 3417 suo
3104 3362 3215 3416 Deo
3263 3363 3560 3432 probantur
3589 3362 3766 3429 exosi,

2182 3455 2467 3524 superflua:
2516 3466 2564 3510 et
2600 3455 2883 3523 pluritnum
2919 3454 3180 3509 nociturae
3227 3453 3593 3507 alienationis
3634 3468 3770 3507 con-

2185 3549 2359 3602 ﬂictus
2394 3548 2668 3601 habeatur.
2702 3565 2721 3598 ι
2766 3546 2876 3600 Leo
2908 3556 3015 3600 tam
3059 3545 3213 3600 fortis
3242 3559 3304 3599 ac
3336 3555 3637 3615 prazpotens
3667 3560 3774 3600 nec

2183 3658 2295 3696 sum
2318 3642 2493 3695 virtuti
2544 3640 2689 3705 fidit,
2722 3653 2821 3694 nec
2848 3638 2968 3692 aliis
3002 3637 3282 3707 permittit,
3323 3636 3389 3691 de
3436 3635 3595 3691 rebus
3624 3636 3771 3705 apud

2182 3734 2581 3790 Chalcedonam
2629 3733 2767 3787 sicut
2826 3732 2935 3786 Deo
2988 3731 3189 3800 placuit
3228 3730 3467 3784 definitis
3515 3730 3770 3783 altercari

2185 3829 2378 3882 Saltem
2432 3837 2598 3895 atque
2635 3825 2957 3893 confligere;
2986 3832 3042 3879 et
3091 3824 3273 3878 nescio
3299 3824 3390 3893 qui
3437 3832 3777 3891 praesumunt

2186 3919 2344 3973 etiam
2376 3920 2669 3973 decernere
2699 3917 3024 3985 congregati,
3063 3923 3120 3971 et
3160 3915 3374 3985 impiam
3405 3929 3599 3968 vocare
3650 3914 3773 3981 epi-

2188 4011 2381 4063 stolam
2412 4024 2570 4078 quam
2601 4007 2927 4062 catholicam
2967 4013 3149 4061 sancta
3178 4007 3266 4059 illa
3297 4015 3351 4059 et
3379 4019 3566 4075 magna
3599 4018 3773 4077 syno-

2187 4104 2287 4158 dus
2327 4102 2609 4173 judicavit.
2653 4102 2907 4157 Scribens
2934 4102 3097 4156 etiam
3129 4100 3476 4173 presbyteris,
3524 4099 3774 4153 diaconi-

2190 4196 2293 4251 bus
2338 4206 2391 4251 et
2420 4196 2633 4251 clericis
2662 4193 3264 4261 Consuintinupolitana:
3294 4190 3565 4252 Ecelesiae,
3592 4190 3730 4243 dicit
3754 4207 3769 4243 :

2194 4306 2212 4339 ι
2237 4287 2504 4342 Habemus
2533 4286 2769 4354 protritio
2816 4286 2924 4339 Deo
2965 4299 3212 4354 magnum
3259 4292 3315 4338 et
3347 4280 3603 4336 divinitus
3639 4296 3772 4349 pra:-

2190 4390 2429 4451 paratum
2501 4376 2946 4433 Cbrisdanissimi
3027 4374 3367 4445 imperatoris
3445 4373 3705 4426 auxilium
3754 4389 3772 4423 :

2190 4488 2347 4541 quem
2371 4470 2585 4537 scriptis
2607 4470 2739 4522 meis
2766 4476 3020 4537 quantum
3044 4482 3203 4521 causa
3232 4465 3431 4534 expetit
3453 4463 3777 4525 obsecravi,

503 4546 637 4615 quin
668 4548 842 4613 potius
884 4549 1067 4602 multis
1113 4552 1431 4617 nocituram,
1466 4553 1811 4621 cupiditatem
1840 4555 2081 4624 deponit,
2112 4536 2162 4596 θ
2192 4536 2259 4619 ne
2291 4563 2550 4633 improbis
2586 4536 2967 4631 parricidarum
2997 4558 3344 4628 petitionibus
3372 4556 3425 4609 in
3456 4555 3635 4622 aliquo
3656 4554 3782 4607 cle-

503 4646 561 4690 et
589 4645 842 4706 tanquam
887 4640 1029 4706 pacis
1059 4640 1218 4708 filius,
1254 4642 1355 4697 hoc
1400 4652 1453 4697 et
1485 4642 1601 4712 ipse
1630 4648 1890 4712 sequitur,
1933 4648 2081 4716 quod

504 4722 807 4794 eligendum
836 4732 972 4782 ratio
1017 4729 1427 4785 demonstravit.
1462 4732 1555 4787 llle
1602 4742 1798 4799 tamen,
1828 4737 1972 4791 velut
2018 4753 2088 4792 at-

506 4828 659 4874 terna
688 4820 803 4890 lege
833 4824 1081 4890 praefixas
1110 4825 1161 4876 in
1194 4825 1423 4893 quodam
1453 4841 1562 4880 sua:
1584 4827 1855 4895 dignitatis
1882 4839 1935 4885 et
1958 4832 2084 4887 fidei

506 4908 868 4977 ﬁrmamento,
899 4912 977 4966 sic
1007 4912 1125 4967 luce
1151 4914 1391 4969 veritatis
1432 4916 1676 4985 irradiat,
1702 4926 1759 4972 et
1788 4922 1939 4988 quasi
1970 4923 2081 4977 cla-

585 5127 612 5155 ι
640 5116 784 5173 Edit.
818 5115 1006 5187 l.eon.,
1034 5123 1080 5170 et
1106 5116 1347 5185 spiritali.

578 5186 605 5225 ’δ
631 5188 770 5241 Edit.
803 5186 999 5252 Leou.,
1020 5190 1072 5239 in
1097 5190 1404 5242 universum.

581 5257 953 5330 °Ettciderunt
997 5260 1234 5330 epistolae
1277 5260 1394 5312 dua:
1440 5260 1652 5327 Leonis,
1706 5276 1930 5330 quarum
1964 5263 2075 5317 fra-

504 5336 733 5400 gmenta
752 5327 1121 5400 subjiciuntur.
1156 5329 1306 5382 Prior
1334 5332 1444 5382 inec
1470 5331 1532 5383 ad
1560 5327 1841 5400 episcopos
1872 5340 1926 5387 et
1963 5337 2075 5388 cle-

509 5402 649 5470 ricos
671 5396 959 5470 χεςδψιὶοεΔ
987 5400 1205 5470 scripta,
1230 5402 1316 5463 qui
1350 5416 1379 5453 a
1410 5396 1687 5454 Timotheo
1711 5400 1908 5456 [Eluro
1936 5406 2073 5470 pulsi

506 5467 1430 5542 Constantinopolin‘tConfugeraut,
1480 5487 1704 5542 eamque
1746 5475 1813 5525 ob
1856 5467 2074 5529 causam

505 5535 842 5589 confessores
873 5535 1242 5604 appellantur.
1266 5539 1535 5595 Posterior
1580 5535 1641 5595 ad
1675 5543 1901 5597 clericos
1935 5546 2076 5599 Cone

508 5606 1035 5676 stantinopolitanos.
1068 5608 1350 5680 Utriusque
1380 5614 1514 5667 idem
1539 5623 1652 5668 erat
1677 5624 2071 5684 argumentum,

581 5794 597 5826 ⁸
622 5791 751 5849 Cod.
787 5791 1001 5859 Veron,
1028 5792 1457 5861 disceptationem.

2194 4659 2407 4712 mentite
2448 4671 2560 4709 sua:
2590 4654 2852 4721 prmberet
2893 4666 3192 4719 assensum,
3246 4664 3415 4714 neque
3456 4648 3564 4701 ullo
3608 4646 3782 4697 modo

2196 4750 2400 4802 sineret
2424 4753 2625 4800 sancte
2650 4742 3127 4798 .Chalcedoneusis
3169 4739 3358 4812 synodi
3407 4735 3781 4796 definitiones,

2194 4853 2312 4908 quae
2341 4850 2468 4891 Vere
2494 4836 2561 4890 de
2601 4834 2909 4891 cmlcstibus
2936 4832 3183 4903 prodiere
3225 4829 3477 4895 decretis,
3514 4835 3783 4892 tanquam

2195 4926 2504 4983 necessaria
2560 4924 2943 4980 retractatione
2989 4921 3179 4977 violari
3217 4933 3376 4975 zeum
3432 4915 3785 4972 insidiatores

2193 5134 2376 5179 contra
2408 5124 2746 5179 Timotheum
2776 5120 3132 5191 parricidam,
3149 5118 3235 5185 qui
3271 5113 3645 5191 Alexandrina
3674 5126 3781 5166 se-

2191 5196 2273 5249 dis
2321 5198 2691 5259 pervasionem
2745 5188 2970 5247 P'rutcrii
3025 5190 3170 5243 caede
3202 5188 3513 5259 cumularat,
3564 5193 3622 5237 et
3672 5200 3786 5251 pro

2189 5257 2394 5331 synodo
2443 5265 2917 5335 Chalcedonen~i_,
2948 5276 3107 5335 (ruam
3152 5257 3521 5325 Oppugnabat,
3573 5263 3637 5335 ut
3686 5265 3784 5335 est

2190 5324 2328 5403 apud
2364 5336 2667 5390 Liberatum
2695 5350 2815 5403 cap.
2968 5324 3104 5408 Tum
3147 5324 3275 5395 ergo
3302 5324 3785 5408 iscrtptas‘liquet,

2187 5402 2307 5460 cum
2338 5423 2367 5459 a
2398 5408 2572 5461 Leone
2599 5402 2842 5472 Augusto
2876 5406 2941 5456 de
2977 5402 3164 5456 eadem
3198 5414 3255 5452 re
3288 5402 3445 5451 missa
3479 5403 3569 5472 est
3594 5408 3789 5472 ency-

2184 5478 2320 5531 clica
2353 5480 2417 5529 ad
2445 5493 2630 5529 υιιιηυς
2673 5464 2993 5543 git-ovium“,
3025 5486 3144 5545 quae
3176 5480 3289 5537 post
3324 5464 3588 5545 synodum
3620 5466 3785 5545 edita

2185 5548 2378 5616 legitur
2421 5562 2540 5602 eum
2581 5535 2855 5613 rescriptis
2889 5535 3305 5616 provinciarum,
3353 5535 3418 5590 de
3461 5535 3663 5616 quibus
3692 5535 3791 5587 di-

2183 5606 2326 5673 erum
2360 5628 2441 5673 est
2471 5619 2564 5673 lib.
2593 5632 2651 5681 tt,
2689 5606 2867 5670 et'hoc
2892 5606 3008 5684 ipso
3038 5612 3213 5681 capite
3242 5610 3432 5664 iterum
3462 5606 3699 5661 dicetur.
