3998 6202
204 322 303 375 837

1070 323 1200 377 PIIU
1233 320 1662 376 DEFENSIUNE
1695 321 1911 376 τηιωι
1939 323 2252 380 CAPITUL.
2299 327 2426 382 LIB.
2463 326 2573 382 XII.

3395 332 3496 387 833

204 439 419 506 piorum
446 434 461 464 ι
488 434 554 488 ad
586 435 688 488 hoc
719 435 1011 503 subrepere
1042 437 1181 490 velle
1223 437 1568 492 manifestum
1600 438 1688 500 sit,
1737 448 1794 492 ut
1822 443 1872 500 Α
1902 440 2021 508 quis
2065 443 2232 496 semel
2254 442 2491 510 judicata
2523 459 2586 500 ac
2623 452 2773 500 recte
2815 441 3074 514 disposita
3119 445 3400 502 revolvere
3438 460 3493 505 et

204 539 406 584 Statuta
435 527 762 597 evangelici:
787 528 1258 598 pratdieationibus
1285 540 1340 584 et
1379 530 1595 584 Patrum
1627 529 1799 584 tradi-

208 624 447 678 tionibus
494 624 846 677 consonantia
895 639 1036 677 novo
1083 627 1276 683 faciant
1322 627 1532 680 infirma
1572 625 1800 698 judicio,

207 717 464 768 nt’dtnn
511 715 830 784 disceptatio
880 717 1202 782 admittitur,
1253 721 1544 772 auctoritas
1595 719 1804 772 aufera-

206 821 314 865 tur.
350 830 368 862 ι
402 811 540 879 Quid
575 826 704 881 ergo
734 827 794 868 se
830 812 1016 867 dicunt
1049 814 1262 868 nuvitia:
1299 815 1588 885 diligentia:
1621 832 1804 887 reper-

214 916 364 958 tores
412 904 603 958 novitii
641 903 787 958 'suo
829 904 1047 959 decreto
1095 905 1590 962 Cbalcedonensem
1642 923 1804 980 syno-

205 997 334 1051 dum
369 994 748 1060 eoufirmasse,
781 995 936 1065 cujus
967 1006 1164 1051 statuta
1191 999 1516 1066 evangelicis
1547 999 1804 1068 praedica-

206 1087 443 1141 tionibus
485 1094 540 1139 et
581 1085 796 1139 Patrum
841 1087 1216 1141 traditionibus
1261 1091 1636 1153 consonantia,
1690 1103 1804 1142 ma-

202 1195 342 1246 gnus
420 1179 504 1232 hic
579 1177 779 1232 Christi
843 1180 1098 1234 sacerdos
1161 1196 1300 1233 novo
1378 1183 1553 1250 potius
1631 1182 1805 1237 sensit

201 1271 526 1326 inﬁrmanda
556 1270 794 1341 judicio?
826 1273 955 1336 Qua:
1003 1273 1214 1341 quidem
1264 1274 1402 1328 sicut
1448 1275 1648 1328 firmari
1697 1291 1800 1328 non

202 1365 471 1434 indigent,
527 1366 596 1418 ita
641 1364 898 1418 inﬁrmari
943 1381 1048 1418 non
1092 1376 1338 1435 possunt.
1396 1367 1798 1432 Verumtamen,

199 1467 467 1528 quantum
515 1459 566 1512 in
593 1456 713 1512 istis
761 1466 841 1511 est
874 1459 1365 1528 prtesompturibus,
1405 1474 1541 1513 novo
1571 1473 1633 1515 ea
1665 1459 1804 1515 fece-

201 1561 338 1603 runt
363 1549 568 1602 infirma
597 1548 822 1617 judicio,
857 1550 1018 1602 etiam
1051 1550 1094 1602 si
1129 1548 1257 1602 nihil
1299 1549 1629 1603 cuntrarium
1653 1549 1800 1618 judi-

205 1653 447 1697 cassent.
483 1642 633 1697 Unde
665 1642 966 1696 Marcianus
997 1656 1212 1710 quoque
1251 1642 1546 1710 imperator
1568 1653 1689 1708 post
1716 1659 1802 1697 sa-

199 1732 484 1786 cerdotum
513 1731 834 1785 sententiam
869 1731 1067 1800 aliquid
1110 1739 1345 1786 tractare
1389 1732 1610 1798 impium
1651 1732 1801 1788 duxit

1906 531 2123 600 publice
2145 534 2424 603 disputare
2449 537 2726 591 contendit
2752 552 2767 603 ;
2796 547 2847 591 et
2869 537 2954 592 iSti
2981 537 3169 593 dicunt
3198 538 3496 599 houorasse

1905 624 2193 696 synodum,
2228 625 2296 679 de
2327 626 2482 696 cujus
2504 628 2712 696 judicio
2734 627 3112 698 judicaveruut
3145 646 3160 682 :
3187 631 3295 684 imo
3335 631 3495 702 cujus

1902 714 2165 784 judicium
2216 715 2596 783 dissolventes,
2649 719 2867 789 impiam
2914 730 3239 776 vocaverunt
3290 724 3496 790 episto-

1909 808 2036 872 lam,
2069 823 2228 877 quam
2261 809 2628 877 pronuntiavit
2659 809 2746 863 illa
2783 808 3142 875 catholicam;
3193 820 3247 864 et
3278 821 3498 866 sancto-

1908 917 2023 954 rum
2077 902 2295 957 Patrum
2355 905 2677 956 sentemiam
2733 903 3056 958 labefactare
3097 904 3341 958 nituntur
3384 903 3499 974 cpi-

1906 994 2080 1061 scopi,
2113 995 2180 1049 de
2209 1011 2312 1064 qua
2343 994 2645 1049 Marcianus
2677 995 2927 1064 princeps
2970 995 3175 1049 nemini
3204 996 3288 1049 vel
3314 997 3498 1067 dispu-

1907 1094 2021 1138 tare
2053 1085 2310 1154 permisit.
2345 1085 2424 1140 Sit
2466 1083 2584 1153 ejus
2626 1085 2885 1138 memoria
2919 1085 2969 1138 in
3005 1084 3494 1151 benedictionibus,

1905 1184 1960 1229 et
1991 1178 2088 1228 ista
2119 1190 2221 1229 vox
2254 1177 2300 1230 ei
2332 1192 2427 1246 pro
2459 1176 2656 1230 talibus
2686 1175 2892 1230 meritis
2923 1191 3138 1244 semper
3166 1192 3194 1230 a
3229 1187 3340 1230 toto
3370 1177 3496 1231 red-

1906 1264 2094 1318 datur:
2124 1279 2219 1331 per
2271 1281 2427 1335 quem
2478 1281 2581 1319 non
2633 1267 2804 1319 solum
2836 1265 3138 1334 desperata:
3188 1267 3497 1336 reipublica:

1905 1355 2072 1419 salus,
2108 1372 2290 1411 verum
2337 1357 2495 1412 etiam
2550 1356 2806 1412 Ecclesia:
2835 1355 2925 1410 diu
2973 1373 3250 1413 concussa:
3283 1361 3496 1429 requies

1905 1445 2027 1499 data
2055 1459 2158 1501 esi.

2521 1599 2750 1655 CAPUT
2792 1600 2876 1658 III.

1908 1693 2057 1761 Quod
2103 1693 2392 1762 principum
2434 1693 2499 1745 sit
2523 1693 2774 1760 incautis
2804 1693 2928 1758 ﬁdei
2974 1692 3315 1747 obedientiam
3354 1693 3500 1748 exhi-

1977 1767 2112 1831 bere,
2161 1781 2262 1818 non
2298 1781 2357 1818 ea
2394 1765 2494 1817 sibi
2530 1779 2780 1830 usurpare
2809 1780 2925 1832 qua:
2949 1775 3064 1818 sunt
3092 1767 3300 1833 propria
3329 1781 3498 1818 aurer-

201 1833 368 1892 atque
393 1823 737 1892 sacrilegum,
771 1838 869 1876 nec
898 1824 1149 1893 cuiquam
1172 1824 1336 1880 semel
1363 1825 1600 1893 judicata
1628 1837 1797 1881 rectc-
1831 1823 1874 1880 Β
1975 1823 2173 1898 datum,
2199 1837 2345 1888 docet
2378 1837 2606 1905 exemplo
2657 1823 2916 1888 Marciani
2938 1846 2985 1888 ct
3033 1823 3220 1888 Leonis
3269 1851 3497 1904 nupera-

200 1923 316 1982 quc
355 1914 614 1982 tliSpusita
647 1914 953 1982 revolvere,
990 1926 1040 1968 et
1073 1915 1137 1968 de
1169 1914 1249 1968 his
1282 1916 1496 1984 publice
1523 1917 1798 1986 disputare

203 2005 477 2072 permisit,
507 2006 596 2075 qui
630 2019 727 2058 suo
772 2005 951 2059 edicto
982 2006 1231 2060 omnibus
1275 2007 1662 2062 discussioncm
1712 2025 1800 2063 eo-

201 2114 328 2150 rum
353 2112 471 2165 qua:
502 2095 842 2150 Chalcedone
875 2096 1116 2166 judicata
1164 2110 1287 2150 sunt
1319 2114 1540 2166 negans,
1580 2117 1597 2148 ε
1639 2099 1794 2165 Vere,

202 2192 307 2253 ait,
333 2188 526 2258 impius
555 2198 608 2242 et
636 2189 927 2257 sacrilegus
958 2196 1040 2241 est
1067 2188 1152 2257 qui
1184 2197 1303 2256 post
1343 2197 1421 2242 tot
1458 2190 1797 2245 sacerdotum

203 2284 531 2335 sententiam
557 2281 793 2350 Opinioni
817 2296 927 2334 sua:
956 2281 1156 2350 aliquid
1185 2281 1524 2335 tractandum
1558 2282 1796 2352 reliquit.

207 2375 485 2428 Extremas
515 2374 711 2442 quippe
739 2373 1027 2426 dementia:
1057 2383 1136 2426 est
1169 2373 1219 2426 in
1245 2374 1420 2427 medio
1442 2384 1495 2428 et
1520 2375 1799 2443 perspicuo

204 2466 300 2519 die
348 2465 776 2520 commentitium
824 2464 1003 2516 lumen
1051 2463 1627 2535 inquirerezquisquis
1683 2475 1802 2534 post

205 2556 494 2610 veritatem
524 2566 790 2624 repertam
827 2555 1027 2623 aliquid
1061 2555 1285 2608 ulterius
1314 2556 1552 2620 discutit,
1582 2556 1800 2609 menda-

203 2647 364 2699 cium:
385 2647 598 2716 quterit.
625 2643 792 2699 Nemo
819 2646 999 2714 itaque
1032 2645 1111 2698 vel
1153 2646 1384 2698 clericus
1412 2647 1496 2699 vel
1541 2647 1796 2710 militans,

204 2746 266 2790 et
293 2735 520 2791 alterius
549 2736 836 2804 cujuslibet
861 2735 1208 2802 conditionis,
1235 2735 1302 2790 de
1335 2735 1439 2789 fide
1464 2736 1794 2802 Christiana,

205 2832 427 2902 publice
471 2832 811 2902 cungregatis
839 2833 1047 2900 pupulis
1096 2841 1147 2885 et
1185 2833 1528 2887 audientibus
1559 2842 1794 2889 tractare

205 2934 500 2993 prtesumat
547 2925 598 2978 in
630 2933 922 2992 posterum,
955 2932 1009 2978 et
1054 2924 1154 2978 huc
1185 2925 1442 2979 tumultus
1471 2935 1524 2979 et
1564 2927 1800 2991 leriidite

202 3017 548 3069 occasionem
608 3015 906 3084 requirens.
961 3014 1090 3068 Nam
1142 3015 1390 3084 lnjuriam
1433 3017 1557 3070 facit
1597 3018 1800 3090 judicio

205 3109 630 3178 reiigiosissima:
663 3109 876 3181 synodi,
900 3109 944 3163 si
971 3109 1090 3178 quis
1118 3110 1284 3164 semel
1309 3111 1544 3180 jndicata
1574 3126 1635 3164 ac
1655 3124 1798 3166 recte

1978 1916 2167 1959 torum.

1976 1997 2240 2066 Cognovit
2269 1996 2360 2051 ille
2392 1996 2584 2065 quibus
2637 1997 2687 2049 in
2736 1996 2913 2050 causis
2956 2005 3197 2051 uteretur
3241 1997 3502 2069 principis

1905 2100 2190 2159 potestate,
2235 2099 2290 2142 ct
2334 2089 2384 2140 in
2427 2087 2618 2155 quibus
2643 2087 2924 2140 exhiberet
2953 2087 3314 2141 obedientiam
3346 2087 3502 2142 Chri-

1903 2184 2081 2235 stiani.
2119 2181 2182 2234 Et
2212 2179 2351 2244 ideo,
2385 2195 2450 2234 ne
2474 2180 2668 2248 impius
2699 2188 2857 2246 atque
2886 2182 3184 2247 Sacrilegus
3210 2181 3500 2244 videretur,

1905 2286 2024 2344 post
2049 2284 2125 2328 tot
2155 2274 2494 2328 Sacerdutum
2525 2274 2849 2326 sententiam
2891 2273 3127 2340 opinioni
3170 2289 3282 2326 sua:
3320 2273 3450 2326 nihil
3481 2273 3502 2304 ⁸

1904 2369 2137 2435 reliquit.
2193 2367 2343 2422 Sicut
2393 2367 2479 2434 qui
2536 2366 2852 2420 meminerat
2901 2365 3076 2418 exitus
3135 2365 3275 2418 Otia:
3314 2364 3356 2428 ⁸,
3411 2367 3501 2434 qui

1904 2471 2188 2531 postquam
2246 2458 2528 2528 pricvaluit
2577 2457 2757 2510 multis
2807 2455 3078 2526 gentibus,
3129 2465 3181 2510 et
3219 2454 3392 2510 factus
3421 2467 3504 2510 est

1902 2552 2189 2620 gloriosus,
2213 2549 2504 2604 exaltatum
2533 2557 2614 2602 est
2649 2563 2742 2601 cor
2771 2547 2916 2614 ejus,
2949 2549 3309 2625 utjncensum
3337 2562 3504 2616 punc-

1904 2657 1984 2700 ret
2007 2663 2166 2715 super
2189 2645 2382 2710 altare,
2414 2643 2554 2712 qtiod
2588 2659 2691 2696 non
2723 2642 2918 2697 licebat
2947 2643 3047 2697 nisi
3082 2646 3211 2698 solis
3249 2643 3502 2698 sacerdo-

1905 2741 2043 2792 tibus
2089 2739 2212 2792 liliis
2257 2741 2430 2791 Aaroo
2465 2755 2480 2791 :
2514 2745 2729 2805 propter
2778 2735 2920 2805 quod
2971 2735 3088 2805 ejus
3141 2731 3540 2792 obstinatissik

1904 2848 2044 2885 mam
2101 2831 2328 2885 frontem
2379 2846 2537 2900 quam
2591 2829 2896 2884 reverentia
2950 2831 3300 2898 deseruerat,
3354 2833 3501 2902 lepra

1903 2923 2163 2977 confudit.
2195 2922 2384 2978 Sciens
2419 2924 2580 2992 igitur
2617 2921 2709 2976 ille
2744 2924 3170 2976 modestissimus
3215 2927 3497 2994 princeps,

1903 3018 2050 3072 Oziae
2079 3016 2188 3086 regi
2222 3032 2325 3069 non
2358 3014 2576 3084 impune
2606 3013 2856 3081 ceSsisse,
2885 3015 3006 3082 quia
3037 3015 3338 3070 saeriticare
3365 3032 3500 3085 pia--

1903 3107 2150 3176 sumpsit,
2179 3106 2321 3173 quod
2377 3104 2580 3158 licitum
2628 3115 2708 3158 est
2737 3105 2946 3172 singulo
2985 3105 3178 3173 cuique
3217 3106 3375 3158 etiam
3409 3121 3500 3161 se-

204 3200 470 3268 dispusita
502 3201 783 3254 revolvere
805 3209 858 3253 et
889 3199 1100 3268 pubiicc
1133 3199 1409 3269 disputare
1435 3202 1734 3255 contendit.
1771 3220 1790 3254 ι
1829 3198 1868 3255 C
1901 3201 2060 3254 condi
2091 3198 2293 3252 ordinis
2330 3197 2596 3253 sacerdOti
2620 3205 2644 3233 ⁸
2680 3212 2692 3248 :
2727 3200 2894 3249 multo
2933 3197 3100 3265 magis
3147 3199 3365 3265 impone
3391 3198 3498 3250 sibi

206 3289 275 3345 Et
301 3289 459 3353 infra,
489 3300 770 3359 postquam
799 3289 1042 3344 diversas
1066 3306 1162 3359 pro
1187 3301 1643 3361 transgressurum
1671 3309 1800 3346 cou-

213 3384 422 3438 ditiune
452 3383 642 3436 statuit
663 3397 848 3450 pinnas
873 3397 887 3436 :
917 3400 934 3433 ε
959 3381 1215 3436 Universa
1237 3397 1384 3456 ergo,
1403 3385 1591 3454 inquit,
1618 3401 1736 3453 qua:
1769 3401 1800 3440 a

207 3487 398 3531 sancta
429 3475 636 3546 synodo
665 3473 1008 3530 Chalcedone
1039 3485 1234 3528 statuta
1268 3485 1394 3528 sunt
1424 3477 1682 3531 custodiri
1707 3481 1803 3533 tle-

208 3568 395 3633 beant,
419 3568 552 3622 nihil
585 3577 770 3638 pustea
803 3567 1056 3621 dubitari.
1084 3567 1193 3620 Iloc
1221 3565 1400 3636 itaque
1432 3582 1630 3622 nostra:
1653 3585 1802 3623 com-

208 3661 402 3716 moniti
426 3662 832 3732 tranquillitatis
862 3661 1060 3726 edicto,
1087 3661 1360 3714 abstinete
1389 3659 1628 3729 profanis
1659 3666 1802 3714 voci-

211 3753 332 3818 bus,
366 3763 420 3806 et
463 3755 686 3806 ulterius
718 3752 938 3807 definite
981 3753 1048 3806 de
1087 3753 1288 3805 divinis
1327 3752 1626 3818 disputare,
1656 3754 1799 3822 quod

208 3844 361 3897 nefas
405 3851 529 3898 est:
563 3843 684 3912 quia
724 3859 828 3897 non
869 3843 1042 3897 solum
1071 3843 1478 3912 divinojudicio
1522 3855 1798 3913 peccatum

210 3937 308 3989 huc
332 3945 494 4005 prout
521 3936 790 3990 credimus
825 3936 1099 4004 punietur,
1132 3952 1318 3991 verum
1337 3941 1500 3990 etiam
1534 3939 1710 4007 legum
1747 3949 1804 3994 et

204 4025 444 4096 jndicum
492 4029 810 4081 auctoritate
859 4031 1216 4082 coercebitur.
1262 4047 1280 4079 ι
1323 4029 1462 4082 Ecce
1501 4030 1802 4086 Marcianus

207 4120 484 4188 princeps,
513 4134 672 4173 verus
710 4118 1020 4188 reipublicae
1071 4129 1224 4188 pater
1266 4130 1318 4174 ct
1363 4135 1518 4174 verus
1550 4123 1802 4178 Ecclesia:

207 4213 370 4276 titius,
423 4213 838 4267 sacerdotalium
885 4230 990 4267 non
1038 4214 1290 4283 praevius,
1341 4215 1435 4269 sed
1483 4215 1802 4284 pedisequus

207 4305 579 4368 decreturum,
637 4306 814 4360 edicto
857 4322 958 4368 ,sno
1011 4307 1320 4377 pronuntiat
1368 4309 1509 4376 quod
1556 4309 1800 4378 quisquis

211 4409 333 4464 post
386 4400 664 4454 veritatem
719 4411 988 4468 repertam
1038 4399 1234 4467 aliquid
1288 4399 1514 4454 ulterius
1553 4401 1795 4468 discutit,

207 4481 804 4557 mendacnnn'qumrit;
857 4498 909 4543 et
943 4499 1060 4557 pust
1105 4488 1243 4543 hanc
1283 4488 1401 4558 ejus
1447 4495 1815 4558 sententiam,_

1903 3295 2096 3347 cedere
2153 3307 2260 3345 non
2301 3305 2460 3359 posse
2497 3289 2772 3361 cognovit,
2820 3289 2903 3344 vel
2957 3305 3075 3357 qua:
3125 3290 3234 3358 jam
3291 3290 3359 3344 de
3399 3290 3501 3344 fide

1903 3383 2208 3440 Christiana
2253 3383 2355 3437 rite
2407 3381 2616 3436 fuerant
2665 3382 2958 3436 cuostituta
3015 3381 3306 3447 discutere,
3360 3382 3502 3450 quod

1906 3476 2212 3531 nullatenus
2229 3475 2385 3540 licet;
2421 3477 2500 3528 vel
2527 3489 2700 3528 novos
2723 3474 3051 3527 constituere
3079 3485 3334 3538 canones,
3359 3471 3503 3542 quod

1903 3590 2014 3629 non
2047 3573 2150 3626 nisi
2184 3570 2364 3625 multis
2391 3573 2519 3624 etin
2550 3587 2712 3625 unntn
2742 3571 3080 3642 congregatis
3123 3571 3276 3638 primi
3299 3571 3503 3625 ordinis

1903 3664 2282 3720 sacerdotibus
2310 3663 2454 3716 licet.
2491 3662 2570 3714 Ub
2611 3661 2712 3715 hoc
2747 3665 2925 3732 itaque
2969 3661 3050 3714 vir
3092 3669 3142 3716 te
3168 3677 3418 3729 opinans,
3451 3671 3505 3716 et

1904 3773 2000 3812 suo
2028 3763 2312 3811 contentus
2337 3740 2540 3819 otticio,
2567 3754 3054 3808 ecclesiasticorum
3097 3769 3363 3808 canonum
3409 3770 3504 3809 ex-

1904 3859 2120 3904 secutor
2143 3863 2263 3902 cssc
2294 3847 2492 3910 voluit,
2526 3863 2628 3900 nun
2663 3845 2943 3909 cunditor,
2975 3862 3080 3899 non
3119 3855 3343 3898 exactor
3368 3861 3382 3898 :
3409 3846 3501 3913 qui

1907 3956 2005 3995 nec
2034 3951 2242 3994 remoto
2275 3937 2610 4008 prtcjudicio,
2640 3936 2780 4004 quod
2811 3936 3065 3989 violentia
3097 3935 3336 3989 Dioscuri
3365 3936 3504 4004 apud

1907 4033 2176 4102 Ephesum
2224 4030 2464 4099 religioni
2513 4028 2710 4083 inferre
2760 4035 3088 4094 tentaverat,
3136 4042 3325 4081 novam
3382 4026 3506 4082 fidei

1904 4123 2141 4192 regulam
2170 4131 2354 4176 contra
2381 4122 2498 4186 ejus
2538 4131 2778 4174 errorem
2822 4115 2938 4185 ipse
2984 4116 3280 4185 constituit,
3334 4132 3506 4186 neque

1903 4215 2247 4271 Chalcedone
2277 4230 2304 4267 a
2339 4211 2587 4266 Patribus
2615 4210 2960 4264 constitutam
2994 4209 3271 4264 retractari
3309 4209 3505 4281 coegit.

1909 4310 2103 4365 Verum
2154 4322 2260 4360 non
2306 4304 2473 4360 Solius
2503 4301 2646 4356 Ozia:
2691 4302 2834 4372 regis
2863 4301 3035 4366 exitu,
3069 4313 3374 4370 quanquam
3421 4299 3507 4353 nio

1907 4403 2071 4457 mium
2123 4397 2446 4462 metuendo,
2491 4395 2792 4449 Marcianus
2837 4392 3128 4461 imperator
3178 4392 3347 4460 putuit
3397 4403 3506 4444 tum

1908 4491 2188 4555 moveri‘;
2240 4490 2334 4544 sed
2381 4489 2558 4542 Cliore
2609 4499 2844 4554 quoque,
2907 4483 3110 4537 Dathan
3151 4492 3205 4539 et
3251 4483 3453 4537 Ahiron
3491 4501 3506 4536 :

207 4582 276 4634 ab
304 4582 546 4637 Ecclesia
589 4582 684 4636 Dei
717 4591 1008 4652 receptam,
1057 4583 1238 4638 nescio
1269 4585 1356 4653 qui
1399 4599 1457 4639 se
1486 4585 1688 4652 jactant
1720 4586 1800 4642 in-
1830 4565 1880 4625 D
1909 4600 2133 4657 quormn
2159 4579 2475 4636 Chorelicet
2501 4577 2564 4631 de
2597 4577 2722 4631 liliis
2753 4587 2896 4630 esset
2924 4573 3047 4629 Levi
3075 4616 3090 4640 ,
3133 4576 3220 4644 qui
3252 4592 3318 4629 ex
3358 4576 3507 4630 omni

205 4672 400 4726 solenti
429 4672 764 4727 discussione
797 4673 1067 4728 invenisse
1097 4675 1320 4729 alteram
1359 4677 1666 4732 veritatem.
1705 4680 1797 4736 Ille

207 4765 377 4819 dicit:
405 4763 658 4834 lnjuriam
685 4765 807 4820 facit
830 4765 1030 4836 judicio
1061 4766 1475 4837 religiosissima:
1501 4771 1714 4842 synodi,
1748 4775 1794 4828 si

287 4997 628 5066 sPerSpicue
681 4998 904 5053 secundi
973 4997 1176 5053 ordinis
1240 5001 1575 5058 sacerdotem
1641 5017 1797 5061 vocat

204 5069 621 5139 presbyterum,
648 5079 700 5124 et
731 5072 893 5138 paulo
921 5079 1041 5139 post
1089 5072 1243 5139 primi
1290 5071 1494 5126 ordinis
1542 5079 1795 5130 sacerdo-

206 5153 316 5204 tes,
346 5139 648 5210 episcupos.
678 5141 768 5212 Sic
805 5141 946 5212 enim
993 5140 1243 5212 distingui
1293 5145 1420 5196 olim
1468 5146 1656 5201 solitos
1704 5150 1797 5202 ub-

203 5223 480 5264 servatum
516 5221 599 5265 est
636 5211 702 5264 ad
747 5211 1054 5283 Sidonium
1084 5211 1177 5266 lib.
1213 5227 1290 5276 tv,
1322 5219 1480 5283 epist.
1532 5218 1624 5270 23$.
1672 5220 1798 5276 Inde

203 5290 268 5358 et
311 5283 528 5358 secundi
573 5283 779 5358 ordinis
812 5284 970 5336 homo
1007 5282 1504 5358 dictusupiesbyter
1536 5287 1589 5340 in
1635 5306 1798 5358 syno-

202 5353 284 5405 do
310 5366 347 5405 ll
370 5352 678 5424 Symmachi
720 5369 869 5423 papa:
903 5367 1024 5423 cap.
1059 5356 1132 5408 6:
1165 5353 1332 5425 Nefas
1374 5352 1513 5410 dictu
1546 5367 1617 5412 est
1666 5352 1798 5415 obli-

289 5569 304 5598 ¹
329 5567 696 5639 Cod.Verou.,
715 5572 929 5628 insidias
952 5573 1243 5639 impiorum.
1260 5571 1375 5628 Alia
1400 5573 1556 5628 lectio
1574 5571 1791 5625 insidia-

201 5651 350 5694 tores
381 5643 606 5708 piorum,
639 5659 796 5712 quam
822 5660 886 5698 ex
922 5641 1173 5698 Facundo
1204 5645 1253 5698 in
1278 5648 1518 5712 mirgine
1540 5644 1783 5708 epistola:

201 5713 384 5765 sancti
411 5713 604 5766 Leonis
643 5715 738 5769 151
770 5716 1044 5768 adnotavit
1079 5715 1438 5780 Quesnellius,
1470 5716 1608 5769 inter
1632 5713 1790 5768 falsas

201 5782 488 5855 antandari
521 5799 674 5850 posse
709 5785 916 5840 videtur
939 5802 953 5849 ;
980 5800 1084 5839 non
1119 5787 1261 5840 enim
1295 5801 1412 5842 eam
1440 5787 1586 5855 juxta
1616 5788 1783 5842 nostri

200 5852 416 5910 codicis
449 5855 604 5910 fidem
638 5856 917 5912 Facundos
947 5857 1229 5922 evprcssit.

1912 4677 2111 4751 populo
2141 4672 2304 4730 Israel
2328 4670 2504 4732 elcmi,
2537 4677 2592 4723 ct
2639 4683 2795 4722 sacro
2842 4667 3023 4735 templi
3066 4668 3361 4722 ministerio
3396 4668 3508 4721 fue«

1911 4782 2033 4830 rant
2059 4766 2334 4838 deputati;
2367 4773 2545 4818 tamen
2570 4761 2822 4832 quoniam
2856 4759 3018 4813 simul
3065 4774 3252 4815 omnes
3285 4775 3507 4826 usurpa-

1903 5008 2109 5081 gatione
2134 5018 2237 5073 qua
2239 5015 2312 5081 ξε
2331 4996 2837 5081 connectitsnmmm
2865 4986 3510 5081 pontifex,reliquimus

1904 5060 2118 5133 :PCItndi
2147 5060 2198 5128 in
2231 5069 2460 5124 Ecclesia
2488 5068 2715 5140 ordinis‘
2729 5080 2831 5140 non
2854 5063 3056 5140 teneri:
3096 5063 3159 5115 Et
3187 5060 3333 5140 apud
3356 5130 3366 5139 O
3386 5060 3508 5140 Ilio.

1910 5131 2154 5205 cmarum
2213 5145 2371 5212 epist.
2419 5141 2485 5201 '7,
2535 5152 2656 5203 cap.
2687 5135 2756 5212 ῼΟ
2789 5131 2992 5212 {Clusi
3023 5134 3084 5184 de
3141 5131 3512 5212 episcopis}!!!

1905 5201 2129 5274 (idinisse
2157 5201 2294 5278 sunt,
2320 5213 2382 5265 de
2430 5201 2734 5278 presbyteris
2782 5201 3017 5257 uidelicet
3057 5201 3268 5256 secundi
3311 5201 3506 5254 ordinis

1903 5293 2024 5346 viris
2056 5307 2156 5344 non
2186 5280 2492 5339 dimittenda
2515 5286 2653 5333 sunt.

1978 5569 2169 5643 fidem
2203 5565 2350 5643 cod.,
2386 5569 2454 5617 et.

1975 5641 1994 5671 ³
2021 5641 2164 5694 Idem
2198 5636 2348 5709 codo.
2378 5636 2588 5709 nqyitio-
2757 5699 2769 5709 ,
2949 5697 2980 5709 ,.
3059 5695 3072 5706 .

1971 5711 1990 5740 ⁸
2022 5711 2162 5764 Idem
2196 5698 2343 5767 cod.,
2380 5701 2509 5756 nihil
2530 5699 2858 5754 tractandum
2885 5698 3112 5770 reliquit.

1969 5785 1990 5817 δ
2026 5782 2165 5834 Idem
2197 5776 2344 5838 ro.I.,
2379 5774 2520 5840 regis
2547 5771 2712 5825 Ozite.

1967 5852 1985 5880 δ
2010 5854 2152 5908 Idem
2177 5849 2327 5913 cud.,
2363 5856 2469 5900 tant
2501 5842 2728 5898 moneri-
