3998 6202
500 322 602 378 839

1564 312 1855 369 FACUNIH
1902 309 2109 365 EPISC.
2156 304 2655 365 HERMIANENSiS

3656 324 3762 380 850

506 443 630 491 runt
655 432 885 487 ofﬁcium
931 428 1290 494 sacerdotum,
1340 436 1400 482 ut
1450 427 1729 482 immolare
1780 425 1888 479 Deo
1916 421 2079 476 autle-
2108 422 2163 483 Α
2191 434 2284 487 pro
2312 420 2590 491 Synagoga
2620 420 2794 490 loqui,
2824 430 2877 474 et
2912 421 2962 474 in
3006 420 3097 475 Dei
3146 419 3300 477 laude
3343 422 3505 481 verba
3538 427 3761 501 jactare,

505 532 639 587 rent,
672 521 811 591 quid
838 520 1003 574 multo
1033 520 1206 572 minus
1229 530 1492 588 estquam
1533 517 1601 572 de
1633 516 1737 570 ﬁde
1777 514 2077 569 Christiana

504 616 810 680 decernere,
838 624 993 667 terra:
1022 611 1342 666 deltiscentis
1367 611 1600 679 absorpti
1626 621 1833 674 voratu,
1865 622 2001 662 novo
2028 615 2082 660 et

501 704 751 773 singulari
799 719 895 758 suo
950 704 1111 757 exitio
1154 703 1470 771 stupendum
1523 700 1730 755 cunctis
1779 699 2079 767 exemplum

504 793 981 863 praesumptoribus
1032 793 1380 862 reliquerunt.
1448 790 1729 858 Quomodo
1791 804 1918 858 ergo
1979 788 2080 843 sibi

503 885 639 939 laico
665 885 944 953 religiosus
967 893 1019 937 et
1050 884 1263 951 sapiens
1288 884 1576 949 imperator
1598 880 1843 935 crederet
1864 882 2080 949 impune

504 990 802 1040 cessurum,
829 975 911 1029 vel
940 984 1242 1027 sanctorum
1276 973 1486 1026 Patrum
1515 987 1633 1040 quae
1652 970 1723 1024 de
1750 969 1974 1038 lidejam
1999 968 2083 1022 de-

504 1074 649 1120 creta
692 1065 899 1121 fuerant
932 1074 1224 1119 retractare
1279 1064 1360 1117 vel
1419 1077 1554 1117 nova
1608 1063 1720 1131 ipse
1766 1060 2076 1127 decernere,

503 1169 625 1208 cum
658 1155 774 1209 ﬁliis
802 1154 948 1216 Levi,
972 1153 1023 1206 id
1052 1163 1134 1208 est
1170 1150 1363 1218 Chore,
1405 1161 1459 1207 et
1500 1152 1582 1204 Itis
1612 1152 1697 1219 qui
1728 1166 1847 1205 eum
1877 1150 1944 1204 de
1984 1163 2079 1203 sua

507 1244 644 1297 tribu
686 1244 850 1298 secuti
903 1255 1057 1307 sun',
1107 1243 1351 1312 quamvis
1405 1244 1456 1296 in
1497 1242 1679 1311 templi
1710 1242 1981 1295 servitium
2013 1241 2080 1295 de

504 1335 698 1403 populo
719 1333 977 1403 segregati
1009 1333 1048 1401 ί,
1080 1332 1172 1386 sed
1204 1339 1257 1387 et
1289 1330 1512 1397 Datban,
1544 1341 1599 1386 et
1630 1330 1922 1394 Abiron,id
1939 1330 2079 1398 quod

503 1422 1205 1493 incomparabiliter'minus
1253 1438 1371 1477 esse
1427 1424 1805 1493 probavimus,
1861 1423 2079 1492 impune

504 1532 607 1570 non
632 1515 825 1569 cessit?
847 1515 1236 1569 Praecesserant
1263 1515 1506 1583 equidem
1540 1515 1699 1568 multa
1725 1516 1901 1584 populi
1937 1515 2078 1569 illius

502 1616 557 1660 et
614 1622 802 1674 magna
865 1615 1100 1675 peccata,
1162 1614 1217 1659 et
1276 1606 1415 1675 quod
1469 1607 1706 1660 omnium
1741 1618 2076 1675 peccatorum

504 1700 792 1753 maximum
831 1696 1160 1766 crederetur,
1218 1697 1529 1759 idololatria:
1575 1712 1788 1765 quoque
1837 1699 2080 1767 profana-

2181 525 2300 565 cum
2325 512 2601 566 dicerent:
2630 512 2765 567 Certi
2813 522 2968 567 estote
2992 554 3006 578 ,
3033 515 3168 583 quod
3212 516 3265 569 in
3312 518 3452 570 omni
3487 518 3766 595 Synagoga

2182 619 2352 657 omnes
2392 607 2555 659 sancti
2602 618 2721 660 sunt
2746 649 2760 670 ,
2803 618 2849 659 et
2899 616 2971 660 est
3024 606 3272 661 Dominus
3313 609 3365 662 in
3412 608 3562 665 illis:
3591 625 3635 666 et
3676 632 3762 667 vos

2180 710 2336 762 quare
2386 695 2612 762 premitis
2661 697 2991 767 Synagogam
3039 697 3247 751 Domini
3288 698 3476 769 (Num.
3510 720 3596 758 svt
3622 747 3638 769 ,
3668 705 3766 777 '5)?

2181 784 2286 839 Sed
2318 801 2421 838 non
2448 786 2650 841 idcirco
2683 789 2853 857 potuit
2893 788 3175 857 juStiﬁcari
3220 792 3506 860 superbia,
3548 811 3666 862 qua:
3712 799 3763 851 in

2181 873 2570 941 operimentum
2603 876 2685 930 sui
2730 888 3068 944 contetnjtus
3113 881 3233 931 talia
3278 881 3419 935 solet
3442 883 3761 941 obtendere.

2180 966 2366 1021 Nullus
2403 969 2545 1023 enim
2588 972 2777 1026 melius
2821 971 2983 1026 Deum
3027 973 3226 1039 laudat,
3256 989 3414 1043 quam
3455 979 3498 1029 is
3525 979 3613 1047 qui
3646 980 3768 1047 ejus

2183 1058 2233 1111 itt
2262 1075 2318 1113 se
2341 1060 2599 1129 judicium
2630 1062 2890 1131 probans,
2922 1065 3061 1132 quod
3093 1066 3212 1121 aliis
3241 1076 3322 1121 est
3352 1068 3611 1123 creditum
3656 1087 3765 1124 non

2182 1162 2424 1219 usurpat.
2455 1152 2571 1207 .lam
2603 1170 2729 1209 vero
2757 1159 2802 1208 si
2835 1166 2888 1209 ct
2918 1156 3058 1210 illius
3082 1159 3332 1226 praecepti
3361 1175 3566 1213 memor
3602 1162 3766 1217 fuisse

2181 1241 2477 1297 credendus
2502 1252 2585 1298 est
2615 1247 2635 1276 ²
2663 1288 2677 1313 ,
2718 1245 2859 1314 quod
2903 1246 2971 1301 de
3012 1247 3140 1317 ipsis
3187 1247 3387 1303 Levitis
3429 1251 3551 1304 ﬁliis
3596 1252 3767 1307 Caatlt

2181 1333 2414 1386 dicitur:
2448 1332 2570 1388 Non
2616 1345 2821 1406 tangent
2873 1349 3077 1402 sancta,
3134 1356 3195 1391 ne
3233 1342 3519 1393 moriantur
3569 1342 3759 1413 (Num.

2183 1440 2336 1491 xvttt,
2390 1428 2475 1496 5);
2529 1427 2797 1495 quomodo
2851 1441 2910 1481 se
2964 1428 3211 1483 crederet
3259 1431 3758 1486 condemnationem

2181 1522 2395 1569 aeternae
2444 1516 2629 1570 mortis
2681 1517 2933 1587 ellugere,
2991 1518 3035 1571 si
3080 1520 3145 1572 de
3191 1519 3490 1574 Christiana
3545 1521 3650 1576 ﬁde
3679 1522 3758 1579 vel

2183 1619 2318 1657 nova
2347 1604 2683 1670 decerneret,
2712 1609 2795 1661 vel
2817 1608 2926 1675 jam
2945 1607 3158 1663 decreta
3185 1609 3505 1664 discuteret?
3532 1611 3643 1666 Sed
3677 1628 3760 1679 pa-

2184 1707 2299 1745 rum
2323 1702 2429 1757 est,
2454 1709 2558 1748 non
2589 1704 2805 1764 tangere
2829 1706 3011 1750 sancta
3034 1737 3048 1762 ,
3089 1698 3276 1766 quibus
3325 1698 3570 1752 indicitur
3600 1703 3761 1756 etiam

500 1791 645 1843 tione
687 1790 1075 1843 contaminatus
1125 1802 1245 1841 cum
1293 1802 1392 1843 suo
1436 1789 1714 1842 sacerdote
1751 1787 1860 1857 jam
1889 1789 2074 1842 luerat.
2111 1778 2152 1837 Β
2182 1800 2287 1837 non
2319 1785 2518 1855 videre,
2550 1787 2686 1840 sicut
2709 1787 2963 1856 scriptum
2987 1796 3102 1842 est:
3138 1787 3204 1841 Et
3237 1788 3435 1843 locutus
3463 1801 3536 1843 est
3586 1791 3760 1845 Domi-

500 1880 630 1933 Nam
685 1888 963 1949 postquam
1017 1878 1347 1933 liberationis
1387 1892 1499 1933 sure
1538 1893 1696 1933 causa
1752 1878 2079 1933 mirabilibus

500 1969 668 2037 plagis
714 1980 968 2023 vastatam
1020 1968 1152 2021 vidit
1198 1967 1526 2038 Aigyptum,
1576 1976 1630 2023 et
1692 1983 1788 2037 per
1844 1968 2076 2023 medium

498 2074 645 2115 mare
664 2061 806 2115 sicco
832 2061 965 2129 pede
995 2060 1258 2125 transivit,
1294 2061 1418 2114 fecit
1440 2062 1487 2115 ei
1517 2062 1861 2131 extorquenti
1895 2062 2075 2116 Aaron

499 2151 720 2205 vitulum
754 2152 805 2205 in
829 2150 1067 2215 Choreb,
1098 2160 1143 2204 et
1174 2150 1507 2205 adoraverunt
1545 2152 1811 2223 sculptile,
1834 2162 1879 2206 et
1910 2164 2076 2208 muta-

498 2250 675 2294 verunt
701 2241 914 2311 gloriam
952 2257 1095 2294 suam
1123 2242 1175 2294 in
1208 2241 1589 2295 sim'litndinem
1619 2243 1764 2296 vituli
1809 2246 2078 2298 comeden-

499 2335 563 2387 tis
583 2335 763 2404 fenum
803 2332 977 2405 (Psal.
1023 2349 1108 2401 cv,
1153 2333 1241 2401 19,
1281 2331 1398 2404 2.1),
1431 2332 1711 2388 dicentes:
1740 2333 1813 2386 Hi
1852 2344 1972 2388 sunt
2007 2336 2081 2389 dii

499 2425 593 2490 tui,
620 2422 803 2491 Israel,
832 2425 913 2493 qui
946 2433 992 2477 te
1013 2423 1292 2476 eduxerunt
1320 2424 1381 2477 de
1411 2422 1642 2495 Egypto
1676 2423 1873 2495 (Exod.
1904 2440 2078 2490 xxxu,

498 2514 586 2584 4);
618 2523 672 2570 et
699 2515 875 2570 Aaron
919 2513 1203 2570 a:dilicavit
1252 2515 1418 2569 altare
1458 2527 1580 2569 ante
1612 2531 1753 2579 eum,
1783 2525 1833 2569 et
1863 2516 2080 2569 adduxit

500 2598 1058 2671 holocaustomata,‘et
1078 2608 1268 2661 obtulit
1298 2606 1525 2661 bestiam
1567 2607 1779 2672 salutis,
1803 2618 1857 2663 et
1885 2622 2080 2661 conse-

500 2701 578 2756 dit
607 2700 830 2770 populus
858 2699 1177 2754 manducare
1206 2708 1260 2753 et
1288 2698 1492 2763 bibere,
1519 2706 1573 2753 et
1601 2700 1834 2753 surrexit
1874 2700 2075 2754 ludere.

500 2792 611 2847 Nec
641 2802 842 2857 tamen,
865 2806 984 2846 cum
1016 2793 1070 2846 in
1095 2792 1173 2846 eis
1196 2790 1559 2846 vindicaretur
1586 2791 1689 2846 hoc
1714 2795 1945 2860 malum,
1977 2794 2081 2848 tale

505 2883 711 2954 aliquid
738 2883 932 2938 factum
961 2892 1044 2938 est
1081 2884 1234 2953 quale
1270 2885 1325 2938 in
1373 2886 1604 2939 vindicta
1646 2890 2080 2956 praesittnptionis

502 2978 712 3032 illorum
764 2978 989 3048 legimus
1034 2978 1260 3044 factum,
1310 2988 1365 3031 ut
1409 2993 1568 3048 ptena
1611 2980 1894 3049 singular's
1924 2993 2083 3051 atque

503 3071 761 3126 mirabilis
800 3072 1067 3141 singulare
1109 3070 1555 3142 przesump‘torum
1611 3074 1784 3128 scelus
1835 3075 2083 3129 ostende-

2182 1892 2277 1929 nus
2308 1878 2376 1929 ad
2404 1876 2614 1946 Moysen
2655 1888 2701 1932 et
2742 1880 2912 1932 Aaron
2950 1882 3122 1933 dicens
3150 1896 3171 1934 .'
3205 1880 3380 1934 Nolite
3417 1883 3704 1952 disperdere
3731 1901 3761 1936 a

2181 1969 2313 2022 tribu
2339 1985 2431 2022 sua
2462 1969 2652 2036 plebem
2681 1970 2841 2023 Coatlt
2879 1972 2944 2024 de
2986 1972 3149 2025 medio
3188 1970 3473 2025 Levilarum
3497 1989 3515 2026 :
3544 1972 3642 2026 hoc
3687 1978 3761 2043 fe-

2181 2058 2276 2111 cite
2294 2059 2387 2124 eis,
2419 2070 2463 2112 et
2493 2061 2672 2124 riunt,
2724 2070 2897 2114 etnon
2936 2063 3213 2115 morientur
3255 2064 3610 2117 accedentibus
3662 2066 3761 2118 illis

2180 2149 2250 2202 ad
2279 2160 2454 2203 sancta
2474 2160 2783 2206 sanctorum.
2816 2157 2985 2207 Aaron
3020 2164 3066 2207 et
3102 2156 3199 2223 ﬁlii
3238 2158 3346 2226 ejus
3391 2158 3759 2226 ingrediantur,

2185 2253 2229 2296 ct
2253 2245 2490 2296 ordinent
2521 2261 2637 2310 eos,
2666 2261 3071 2315 unumquemque
3121 2256 3270 2315 prout
3314 2249 3552 2317 portendi
3595 2248 3762 2303 locum

2180 2336 2349 2401 liabet,
2383 2346 2429 2390 et
2456 2355 2554 2390 non
2585 2339 2767 2391 intrent
2798 2338 3024 2392 desubito
3053 2339 3220 2393 videre
3242 2350 3471 2393 sanctum
3500 2339 3521 2371 ³
3570 2340 3758 2411 (Nam.

2180 2442 2259 2493 tv,
2297 2429 2482 2497 l'i-l‘.)
2515 2445 2528 2481 :
2563 2444 2695 2483 neve
2725 2431 2893 2498 potuit
2918 2430 3083 2485 exitio
3109 2445 3207 2484 suo
3240 2439 3440 2486 terrere
3471 2432 3759 2501 principem

2155 2518 2563 2587 ,Cltristiatmm.
2596 2521 2692 2587 Qui
2725 2536 2844 2576 cum
2874 2521 2939 2575 de
2980 2521 3139 2576 domo
3180 2521 3343 2590 patris
3374 2523 3491 2593 ejus
3530 2524 3762 2579 addoce-

2182 2618 2330 2663 retur
2382 2624 2506 2664 arca
2549 2626 2708 2680 super
2752 2612 3046 2680 plaustrum
3086 2618 3279 2666 novum
3322 2614 3589 2682 imposita,
3633 2630 3761 2684 quo-

2184 2700 2327 2755 niam
2352 2717 2471 2755 cum
2501 2704 2842 2758 calcitrarent
2864 2704 3026 2759 boves
3068 2705 3305 2759 extendit
3328 2720 3567 2773 manum,
3595 2718 3651 2762 et
3679 2716 3762 2763 te~

2183 2792 2298 2847 nuit
2318 2808 2435 2848 eam
2461 2810 2527 2849 ne
2558 2795 2789 2859 caderet,
2823 2795 2985 2850 iratus
3009 2805 3091 2851 est
3123 2797 3481 2868 indignatione
3512 2798 3763 2853 Dominus

2181 2895 2366 2942 contra
2391 2901 2548 2954 eum,
2576 2889 2712 2942 sicut
2744 2887 3016 2955 Scriptura
3059 2889 3187 2944 dicit
3216 2906 3229 2943 :
3263 2888 3330 2943 Et
3367 2892 3611 2959 percussit
3651 2908 3763 2945 eum

2181 2995 2336 3050 super
2366 2980 2646 3034 temeritate
2670 2995 2688 3032 :
2712 2980 2800 3048 qni
2823 2991 3049 3033 mortuus
3073 2991 3146 3035 est
3179 2982 3245 3035 ibi
3261 2985 3416 3054 juxta
3447 2999 3623 3035 arcam
3663 2984 3763 3037 Do-

2184 3072 2311 3125 mini
2334 3069 2419 3143 (II
2440 3070 2567 3143 Reg.
2595 3087 2668 3139 vt,
2690 3072 2745 3140 7)
2770 3087 2784 3124 :
2809 3081 2930 3126 etut
2957 3072 3251 3127 formidinis
3272 3086 3487 3129 πίθηκε
3514 3076 3765 3129 memoria

502 3172 602 3218 ret.
629 3162 852 3233 Propter
879 3164 1019 3231 quod
1048 3165 1205 3218 etiam
1230 3164 1436 3234 Moyses
1462 3164 1532 3218 ibi
1559 3164 1728 3219 dicit:
1756 3164 1821 3218 In
1842 3167 1937 3218 Itoc
1956 3168 2082 3220 scie-
2107 3148 2152 3207 ο
2189 3165 2412 3232 pOSIeris
2442 3179 2652 3234 quoque
2694 3165 3080 3236 relinqueretur
3098 3208 3110 3230 ,
3158 3176 3403 3220 vocatum
3434 3177 3515 3220 est
3564 3183 3762 3221 nomen

501 3257 819 3325 tisquoniam
845 3255 1093 3309 Dominus
1109 3256 1240 3308 misit
1265 3272 1343 3309 me
1364 3260 1533 3325 facere
1559 3257 1729 3309 omnia
1768 3273 1921 3325 opera
1958 3258 2079 3324 ista,

500 3355 550 3397 et
582 3347 817 3412 quoniam
838 3356 939 3398 nan
974 3364 1007 3397 a
1046 3361 1125 3397 me
1162 3346 1296 3414 facio
1320 3362 1338 3404 :
1363 3347 1407 3397 si
1434 3347 1708 3399 secundum
1732 3356 1945 3401 mortem
1976 3365 2085 3402 om-

504 3436 645 3487 nium
674 3435 933 3487 hominum
962 3437 1238 3488 morientur
1284 3436 1387 3499 isti,
1422 3445 1466 3487 et
1510 3440 1555 3488 si
1595 3437 1872 3489 secundum
1907 3438 2083 3491 visita-

505 3527 691 3580 tionem
731 3527 957 3579 omnium
998 3526 1261 3579 hominum
1309 3528 1532 3580 visitatfo
1583 3531 1679 3581 erit
1723 3529 1952 3596 iilorum,
1982 3547 2083 3584 non

506 3614 758 3668 Dominus
806 3616 942 3668 misit
988 3631 1066 3669 me
1102 3615 1287 3686 (Num.
1322 3633 1433 3682 xvt,
1467 3619 1559 3686 ‘28,
1599 3617 1713 3691 29).
1757 3620 1869 3674 Illic
1908 3627 2080 3676 Aaron

506 3723 742 3761 summus
764 3707 1013 3761 sacerdos
1040 3720 1096 3762 et
1123 3707 1371 3762 formavit
1408 3705 1625 3764 vitulum
1648 3750 1663 3775 ,
1711 3719 1763 3766 et
1804 3711 2086 3766 aediﬁcavit

506 3800 698 3865 altare,
729 3806 784 3854 et
802 3798 978 3853 attulit
1010 3800 1497 3869 holocaustomata,
1530 3812 1584 3856 et
1611 3804 1801 3857 obtulit
1832 3804 2084 3871 hostiam;

507 3891 648 3946 unde
676 3892 931 3959 scriptum
955 3900 1037 3946 est
1065 3909 1078 3944 :
1112 3889 1253 3946 Vidit
1282 3891 1489 3961 Moyses
1524 3898 1795 3965 papulum,
1825 3896 1910 3965 qui
1937 3898 2088 3950 dissi-

509 3990 657 4051 patus
683 3992 777 4036 est.
810 3980 1082 4054 Dissipavit
1110 3986 1241 4037 enim
1271 4001 1352 4038 eos
1374 3986 1568 4052 Aaron,
1604 3996 1655 4039 ut
1687 3997 1846 4041 essent
1877 3989 1930 4041 in
1956 4005 2085 4057 gau-

508 4074 649 4127 dium
677 4075 982 4128 adeersari‘is
1022 4077 1125 4129 suis
1155 4075 1348 4146 (Exod.
1398 4094 1545 4130 χχχιι
1568 4118 1584 4143 ,
1620 4077 1713 4149 25)
1742 4098 1754 4131 :
1781 4091 1832 4134 et
1878 4082 2086 4135 veniam

511 4164 633 4218 lacti
658 4165 1022 4233 consequitur.
1048 4163 1161 4219 Illic
1192 4176 1367 4219 autem
1408 4164 1584 4221 Cltore
1604 4208 1616 4229 ,
1643 4169 1847 4223 Datltan
1876 4180 1931 4225 et
1960 4171 2087 4226 Abi-

511 4270 632 4317 ron,
665 4255 906 4323 quamvis
939 4253 1050 4308 Deo
1081 4269 1207 4309 vero
1244 4255 1642 4322 sacriﬁcarent,
1667 4260 1787 4327 quia
1822 4273 1993 4313 tamen
2021 4262 2090 4315 atl

513 4362 693 4401 eorum
725 4361 827 4401 non
876 4347 1176 4414 pertinebat
1220 4347 1475 4412 ofﬁciunt,
1517 4364 1655 4403 novo
1696 4362 1750 4406 et
1794 4354 2090 4408 incredibili

514 4435 772 4503 supplicio
816 4436 1128 4503 puniuntur;
1175 4432 1481 4508 tantamque
1512 4441 1757 4507 penditur
1813 4444 1951 4512 apud
2008 4445 2090 4499 di-

516 4525 692 4577 vinam
741 4524 1024 4594 justitiam,
1075 4526 1120 4580 si
1167 4527 1221 4581 itt
1266 4528 1380 4597 ejus
1423 4529 1691 4599 obsequiis
1740 4534 1872 4587 ordo
1926 4550 2084 4603 quem

516 4615 790 4669 constituit
834 4626 1177 4672 conservetur
1205 4620 1272 4687 ⁸,
1329 4628 1387 4673 ut
1436 4620 1671 4677 deterius
1722 4623 1824 4678 hoc
1864 4625 2085 4694 judicct,

518 4725 672 4779 quam
703 4709 748 4763 si
776 4708 922 4764 falsis
948 4711 1048 4765 diis
1076 4711 1217 4780 quod
1247 4712 1344 4766 soli
1374 4712 1475 4780 ipsi
1498 4713 1720 4768 debetur
1749 4716 2086 4785 obsequium,

518 4801 808 4857 deferatur.
844 4801 1169 4857 Videbantur
1197 4803 1274 4857 illi
1302 4805 1518 4873 quidem
1542 4805 1702 4859 divini
1736 4809 1939 4864 ordinis
1962 4824 2089 4864 con-

519 4901 834 4965 temptores.
886 4909 1007 4949 cum
1061 4895 1395 4965 insurgerent
1443 4897 1494 4951 in
1542 4898 1758 4967 Moysen
1801 4913 1851 4954 et
1884 4901 2087 4965 Aaron,

598 5050 624 5079 ι
659 5036 846 5107 Vttlg.,
890 5036 1166 5090 Percussio
1193 5037 1331 5088 02w.

602 5223 617 5251 ¹
652 5221 791 5275 Cod.
834 5219 1058 5282 Verum,
1100 5219 1403 5289 segregans.

604 5294 624 5323 ¹
658 5292 804 5344 Idem
836 5290 985 5351 cod.,
1018 5286 1217 5342 membr
1248 5288 1345 5351 fuit
1364 5287 1667 5342 Marcianus
1685 5286 1972 5355 Augustus,
2005 5288 2109 5341 imo

531 5361 655 5429 quia
688 5360 1078 5481 memorJuisse
1110 5359 1397 5411 credendus
1426 5368 1521 5420 est,
1558 5360 1720 5427 quod.

604 5432 625 5461 ⁸
646 5429 789 5481 Idem
825 5444 889 5481 co
938 5440 1262 5481 ..sunctum.
1292 5437 1340 5481 et
1363 5445 1463 5480 non
1486 5430 1720 5481 morienti

604 5432 625 5461 ⁸
646 5429 789 5482 Idem
825 5425 976 5494 cod.,
995 5440 1262 5491 sanctum,
1292 5437 1340 5481 et
1363 5445 1463 5480 non
1486 5425 1793 5481 morientur.
1820 5425 1957 5491 Quid
1976 5427 2108 5482 Ozia

554 5502 677 5552 ilius
695 5503 732 5552 Α
745 5500 988 5551 minadab
1011 5515 1328 5563 parumnere
1345 5500 1530 5561 potnit.
1551 5496 1860 5565 Legentlum
1878 5510 1961 5550 est
1978 5497 2109 5550 0w:

559 5568 800 5624 Iebraicc
816 5578 953 5633 HW;
978 5568 1329 5631 Grmce'OQ’d.
1356 5565 1522 5621 Filius
1547 5569 2033 5622 όῐοιῑυιἈιιίηαάαὺ
2058 5569 2109 5621 in

608 5738 627 5758 '
666 5736 790 5807 [λίνεα
812 5752 846 5791 n
874 5738 973 5787 'uu'
1007 5736 1251 5803 videtur,
1286 5755 1387 5791 non
1424 5747 1774 5792 conserretnr.

2187 3255 2288 3308 loci
2322 3256 2464 3309 illius
2488 3256 2594 3310 Oza
2630 3265 2655 3292 ι
2688 3256 2731 3308 ⁸.
2760 3256 2983 3325 l‘r0pter
3024 3258 3163 3326 quod
3213 3260 3370 3311 etiam
3418 3258 3617 3325 David,
3675 3257 3767 3327 qui

2185 3360 2301 3399 eam
2350 3346 2679 3400 laztabundus
2725 3348 2996 3402 adducens
3060 3348 3394 3416 praecedebat
3443 3363 3564 3402 cum
3622 3351 3767 3403 omni

2185 3436 2370 3503 Israel,
2407 3438 2654 3493 extimuit
2694 3438 2979 3492 Dominum
3014 3440 3062 3493 in
3106 3440 3193 3493 illa
3238 3440 3325 3493 die
3363 3440 3551 3494 dicens
3584 3458 3595 3489 :
3634 3442 3769 3505 Quo-

2186 3528 2336 3581 modo
2362 3529 2674 3598 ingredietur
2703 3546 2823 3583 arca
2854 3530 3064 3584 Domini
3080 3534 3147 3584 ad
3179 3548 3255 3584 me
3279 3530 3362 3600 (ll
3396 3533 3525 3601 Reg.
3570 3548 3647 3597 vt,
3675 3531 3769 3602 9)?

2187 3632 2241 3675 rt
2265 3622 2433 3676 noluit
2462 3624 2730 3677 divertere
2751 3623 2816 3677 ad
2857 3638 2916 3678 se
2941 3639 3117 3679 arcam
3149 3624 3379 3678 Domini.
3408 3625 3466 3679 Si
3492 3625 3768 3679 existima-

2188 3716 2385 3770 tionem
2415 3716 2594 3770 cordis
2626 3717 2761 3772 ntale
2791 3720 3098 3788 prmsumpti
3129 3721 3425 3788 sequimur,
3456 3735 3635 3774 nonne
3656 3736 3768 3773 ma-

2186 3810 2266 3878 gis
2299 3809 2428 3862 illttd
2458 3810 2796 3879 plectendum
2818 3810 3118 3875 videbitur,
3153 3825 3328 3865 aream
3365 3811 3570 3865 Domini
3608 3828 3763 3881 quam

2188 3900 2404 3968 putabat
2454 3914 2574 3952 esse
2618 3914 2887 3964 casuram,
2940 3916 3045 3954 non
3090 3903 3365 3956 continere
3406 3915 3525 3955 cum
3553 3902 3768 3970 posset?

2191 3990 2293 4045 Sed
2321 4005 2416 4059 pro
2444 3990 2607 4044 divini
2640 3992 2832 4044 timore
2864 3990 2884 4021 ⁸
2918 3991 3199 4061 pratcepti,
3240 4006 3347 4045 non
3396 4007 3492 4060 pro
3544 4002 3769 4046 temera-

2190 4084 2390 4137 riorum
2420 4084 2745 4152 suspicione,
2800 4083 3040 4153 judicare
3087 4084 3366 4139 debemus.
3416 4083 3546 4139 Nam
3596 4085 3643 4139 is
3679 4086 3767 4154 qui

2191 4173 2391 4228 Levitis
2432 4174 2731 4228 nuntiatum
2770 4188 2890 4228 esse
2936 4174 3237 4229 didicerat:
3270 4174 3392 4229 Non
3430 4185 3633 4247 tangent
3655 4192 3769 4228 sau-

2192 4272 2295 4328 cta,
2327 4279 2387 4317 ne
2428 4269 2733 4333 moriantur,
2789 4265 3055 4332 quomodo
3111 4264 3348 4333 legitime
3374 4274 3554 4334 posset
3603 4268 3769 4319 inter-

2195 4358 2330 4412 dicta
2355 4355 2683 4426 contingere,
2717 4356 2804 4425 qui
2838 4356 2963 4411 licet
3007 4358 3058 4410 in
3089 4355 3330 4409 districto
3360 4356 3613 4423 temporis
3640 4355 3769 4408 ani-

2194 4453 2332 4519 culo,
2382 4467 2487 4507 non
2525 4454 2804 4521 repentino
2852 4467 3047 4520 pavore
3090 4452 3325 4504 nutantis
3356 4464 3498 4505 arcu:
3545 4451 3770 4514 moveri,

2193 4544 2287 4597 sed
2334 4533 2673 4597 observantia
2702 4542 2722 4573 ⁸
2764 4543 2929 4597 divini
2978 4542 3228 4612 praecepti
3278 4542 3499 4597 retineri
3553 4541 3772 4595 debuit!

2191 4637 2324 4689 Cum
2355 4636 2513 4706 igitur
2542 4636 2647 4690 Oza
2666 4676 2681 4700 ,
2714 4650 2817 4689 non
2847 4649 2914 4689 ex
2951 4636 3225 4703 preposito
3250 4635 3575 4703 consilioque
3603 4641 3775 4686 trans-

2192 4741 2425 4795 gressus,
2456 4726 2548 4780 sed
2580 4726 2799 4795 inopino
2830 4734 2884 4781 et
2911 4726 3129 4780 l‘ortuito
3159 4740 3286 4780 casu
3318 4733 3645 4794 praeventus,
3668 4737 3775 4789 pro

2192 4820 2309 4872 solo
2340 4818 2641 4872 ineunsulto
2667 4827 2809 4872 tactu
2840 4826 3136 4873 extremum
3166 4833 3276 4871 suae
3300 4815 3613 4871 temeritatis
3638 4827 3777 4879 sup-

2196 4910 2409 4979 pliciutn
2441 4909 2539 4962 luit
2566 4927 2575 4960 :
2602 4925 2701 4977 qua
2734 4908 2992 4979 probabili
3021 4910 3230 4963 ratione
3261 4908 3554 4962 Marcianus
3592 4910 3777 4972 Augu-

2204 5274 2345 5321 textu
2381 5268 2638 5322 llebraico
2679 5276 2733 5322 et
2757 5265 2977 5335 Vulgata
3009 5263 3264 5329 editione,
3300 5262 3354 5316 in
3385 5259 3566 5316 Graeca
3594 5266 3772 5313 autem

2201 5338 2509 5403 Aminadab,
2537 5340 2627 5392 lib.
2654 5338 2694 5391 Il
2723 5338 2877 5406 Reg,
2903 5352 3021 5401 cap.
3054 5349 3122 5389 vt.

2274 5405 2295 5436 ⁸
2325 5409 2465 5462 Idem
2495 5401 2642 5473 cod.,
2674 5401 2929 5475 percussio
2963 5406 3109 5458 Uzia.
3143 5403 3449 5473 Legendum
3483 5401 3607 5457 Osa.

2274 5476 2295 5509 ⁸
2325 5478 2463 5532 Idem
2492 5481 2639 5544 cod.,
2672 5487 2861 5530 tenore.

2273 5548 2293 5578 ⁶
2314 5548 2455 5603 ldent
2478 5549 2622 5615 cod.,
2653 5547 2835 5602 sedula
2862 5546 3193 5601 obseruantia.
