3998 6202
290 314 386 370 3-H

1153 311 1284 366 PRO
1326 306 1748 366 DEFENSIONE
1790 302 2002 360 TRIUM
2034 302 2347 360 εςκῐητυιι.
2383 302 2511 358 LIB.
2555 299 2666 355 ΧΠ.

3461 297 3567 352 812

290 439 424 492 stus,
463 442 585 497 qure
611 427 752 498 apud
805 425 1194 481 (Zbalcedonem
1241 425 1528 479 constituta
1571 433 1696 476 sunt
1729 421 1766 483 ι,
1818 418 1870 471 in
1906 420 1952 479 Α
1984 417 2065 471 vel
2114 431 2276 470 unum
2330 416 2536 484 apicem
2594 426 2900 484 posuimus,
2951 417 3042 466 aut
3071 425 3428 476 commovere,
3479 422 3573 466 aut

291 517 730 589 disceptationem
758 531 1007 572 revocare
1038 514 1418 586 prmsuttteret?
1449 513 1555 567 Sed
1575 512 1716 567 enim
1745 524 1880 579 pra:-

292 609 623 664 dieatoribus
649 608 902 674 veritatis,
935 608 1085 676 quasi
1119 607 1305 670 bobus,
1336 607 1403 659 de
1433 605 1626 674 quibus
1645 603 1876 657 dicitur:

294 700 422 755 Ruri
444 700 711 752 trituranti
755 715 814 751 os
848 713 949 750 non
992 696 1268 767 infrcnabis
1303 695 1353 764 (l
1385 694 1501 750 Cor.
1529 709 1602 754 ιι.
1635 690 1714 762 9),
1741 706 1878 745 non-

297 805 570 860 nunquam
599 799 787 846 contra
814 788 1085 843 stimulum
1118 786 1518 842 calcitrantibus
1547 784 1754 838 videtur
1783 783 1883 836 Ec-

297 884 484 949 clesia,
508 882 660 948 cujus
682 881 753 934 illi
783 890 1022 933 vectores
1052 880 1402 945 doctoresque
1425 878 1626 940 ’,velut
1652 889 1770 929 arca
1795 873 1880 926 illa

300 984 520 1038 nutare;
551 971 645 1027 sed
680 987 784 1023 non
815 981 897 1025 est
927 968 1045 1024 Ozrc
1079 970 1239 1021 otlicii
1280 968 1580 1022 continere.
1625 964 1885 1019 Pt‘ICCCtlll.

302 1068 444 1117 illam
472 1077 600 1117 suus
626 1062 813 1127 David,
846 1063 934 1132 qui
967 1061 1184 1115 deducit
1224 1061 1500 1114 exsultans
1527 1075 1540 1109 :
1571 1058 1684 1126 ipse
1725 1071 1884 1108 manu

303 1160 453 1213 fortis
485 1157 818 1212 invisibiliter
847 1171 963 1211 eam
995 1155 1158 1225 regit,
1191 1169 1285 1224 per
1310 1168 1445 1222 quos
1474 1166 1594 1207 eam
1622 1150 1730 1218 regi
1754 1164 1885 1202 cou-

305 1249 496 1305 stitnii.
527 1250 591 1303 Et
615 1249 733 1305 ideo
763 1261 951 1303 nutare
995 1247 1211 1316 quidem
1253 1255 1460 1314 potest,
1507 1244 1700 1298 cadere
1748 1257 1885 1293 nun-

309 1358 463 1412 quatn
497 1350 601 1409 μοι(
620 1349 688 1392 st.
720 1339 858 1393 Nihil
891 1342 1048 1409 igitur
1081 1338 1279 1403 babes,
1308 1336 1436 1398 02a,
1485 1334 1628 1404 quod
1672 1333 1889 1411 simula-

309 1434 454 1488 tione
479 1434 574 1500 ιιὶειι
598 1430 970 1484 Sollicitudinis
999 1429 1305 1491 excusoris,
1331 1427 1450 1496 quia
1483 1425 1664 1478 divino
1687 1423 1890 1490 judicio

310 1524 731 1594 protemeritale
779 1523 1088 1590 percuteris.
1147 1520 1239 1572 llis
1282 1528 1457 1571 autem
1501 1527 1661 1585 atque
1709 1514 1888 1581 hujus-

312 1619 456 1672 modi
491 1615 784 1669 rationibus
815 1624 866 1666 et
895 1611 1156 1680 exemplis
1178 1621 1412 1678 angustae
1440 1608 1713 1662 memoriae
1758 1606 1891 1657 Mar-

311 1709 518 1761 cianum
547 1705 932 1758 communitum
957 1711 1012 1757 et
1039 1706 1285 1757 edoctum
1315 1699 1477 1753 fuisse
1513 1696 1766 1750 credibile
1787 1705 1888 1760 est,

1983 518 2318 562 commutare
2365 523 2550 561 eorum
2601 521 2719 575 qua:
2747 505 2886 574 apud
2935 504 3080 559 illam
3120 505 3333 560 definita
3362 517 3507 560 sunt.
3549 526 3566 556 ι

1987 598 2054 653 Et.
2076 601 2268 651 iterum
2294 615 2308 650 :
2336 615 2356 649 ι
2390 597 2682 664 Quoniam.
2715 596 2856 650 sicut
2895 595 2992 648 Sttli
3023 594 3157 648 nihil
3189 596 3363 648 minus
3390 607 3468 650 eSt
3503 596 3571 648 ad

1984 688 2458 743 demonstrandum
2491 689 2610 756 quia
2637 691 2714 740 sol
2745 695 2856 750 est;
2887 685 2967 741 sic
3005 695 3060 740 et
3088 701 3274 754 magna
3308 696 3360 740 et
3389 699 3574 740 saneta

1985 792 2039 834 et
2086 781 2370 834 universali
2411 779 2617 849 synodo
2665 777 3088 833 Cbalcedoncnsi
3132 779 3309 831 minus
3362 778 3590 845 quidem.

1989 873 2250 926 bonorum
2278 872 2406 925 nihil
2433 871 2651 925 'omnino
2677 882 2778 934 est,
2806 885 2980 938 neque
3009 869 3372 924 additamenta
3399 871 3580 938 aliquo

1987 975 2130 1035 eget,
2165 980 2336 1035 neque
2365 964 2715 1025 detractione,
2747 965 2814 1018 ab
2837 963 3036 1030 Spiritu
3062 973 3248 1017 sancto
3291 961 3453 1017 veluti
3501 962 3581 1015 di-

1983 1059 2114 1110 vino
2143 1058 2370 1126 quodam
2401 1058 2514 1111 sole
2545 1057 2564 1088 '
2593 1057 2826 1109 condita.
2861 1055 3065 1109 Etenim
3096 1054 3186 1122 qui
3219 1055 3270 1108 in
3296 1069 3357 1108 ea
3389 1069 3581 1109 secun-

1991 1149 2114 1202 dum
2145 1159 2353 1216 tempus
2382 1150 2618 1207 damnati
2649 1157 2791 1210 sunt,
2824 1147 3026 1217 indigni
3053 1147 3400 1202 sacerdotalis
3431 1147 3580 1200 ordi-

1994 1241 2074 1293 nis
2097 1240 2346 1308 judicati,
2380 1242 2602 1295 decreto
2628 1255 2688 1293 ac
2715 1238 2913 1307 judicio
2948 1238 3122 1306 magni
3169 1238 3262 1291 Dei
3309 1238 3451 1292 velut
3482 1238 3583 1289 im-

1994 1334 2062 1400 pii
2094 1334 2438 1388 condemnati
2466 1341 2608 1387 sunt.
2649 1331 2749 1398 Qui
2797 1346 2923 1387 vero
2973 1332 3024 1384 in
3059 1346 3116 1383 ea
3165 1333 3395 1398 suscepti
3434 1341 3578 1394 sunt,

1995 1425 2244 1493 injustam
2276 1434 2328 1478 et
2372 1424 2701 1495 tyrannicam
2742 1432 2866 1478 ante
2907 1422 3238 1477 sustinentes
3279 1422 3583 1489 inscriptius

1996 1532 2140 1577 neut,
2161 1515 2444 1570 confestim
2472 1517 2688 1570 decreto
2711 1513 2883 1569 Sancti
2913 1511 3146 1582 Spiritus
3172 1511 3314 1579 juste
3351 1513 3584 1578 suscepti

1997 1616 2120 1660 sunt
2145 1621 2159 1659 :
2187 1606 2239 1660 in
2268 1606 2461 1675 quibus
2491 1615 2573 1660 est
2619 1613 2672 1660 et
2721 1615 3025 1659 nostrorum
3057 1613 3358 1672 temporum
3395 1618 3583 1658 secun-

1999 1698 2098 1751 dus
2147 1699 2304 1762 Abel,
2337 1697 2523 1753 beatus
2558 1697 2857 1751 Flavianus.
2901 1716 2918 1748 i
2965 1697 3044 1751 Ad
3075 1696 3190 1751 haec
3237 1696 3416 1750 omnia
3458 1711 3584 1754 tott-

313 1813 380 1851 ne
404 1794 612 1863 imperii
640 1793 744 1849 sibi
769 1793 1041 1848 commissi
1071 1792 1320 1846 decorem
1346 1788 1506 1846 alieni
1532 1787 1690 1841 officii
1737 1801 1892 1842 usnr-
1926 1792 1972 1851 Β
2003 1798 2340 1859 tempserum
2367 1791 2664 1857 attendere,
2693 1789 2784 1858 qui
2829 1789 2897 1843 de
2937 1789 3204 1844 sententia
3241 1796 3402 1842 tanta;
3428 1803 3586 1857 gyno.

315 1889 526 1959 pantione
565 1887 812 1943 foedaret.
857 1883 1009 1952 Quod
1065 1883 1108 1937 si
1163 1882 1324 1937 etiam
1371 1881 1549 1934 minus
1573 1880 1688 1946 ejus
1717 1877 1896 1940 animo

313 1966 430 2050 qua:
476 1978 890 2034 memoravimus
922 1982 1268 2030 occurrerent
1309 1971 1363 2038 ⁸,
1398 1971 1697 2024 modestmn
1723 1971 1895 2022 virum

313 2087 406 2126 sua
451 2071 634 2140 pracul
679 2070 842 2125 dubio
871 2069 1004 2123 ratio
1039 2067 1375 2134 temperavit,
1423 2079 1526 2132 qua
1563 2064 1798 2131 cogitare
1845 2071 1899 2116 et

314 2177 474 2218 nosse
505 2161 753 2216 facillime
804 2159 1009 2228 potuit,
1063 2157 1259 2211 L‘hriSti
1305 2153 1471 2208 solius
1515 2169 1633 2207 esse
1679 2167 1897 2222 regnum

313 2268 432 2306 cmn
489 2250 788 2306 sacerdotio
827 2247 982 2304 simul
1026 2247 1222 2300 habere
1274 2262 1287 2296 :
1345 2244 1597 2313 quoniam
1645 2244 1746 2298 etsi
1784 2244 1901 2313 qui-

314 2342 432 2408 dam
459 2343 686 2410 regesin
730 2340 846 2410 ejus
877 2338 1090 2394 venturi
1130 2338 1351 2405 figuram
1387 2335 1688 2390 sacerdOtin
1735 2335 1900 2390 functi

314 2441 457 2496 sunt,
485 2439 660 2483 tamen
688 2444 807 2484 cum
846 2428 1125 2483 manifesta
1175 2431 1262 2482 lux
1293 2430 1504 2482 veniret
1536 2427 1586 2480 in
1621 2427 1896 2492 mundum,

314 2520 531 2572 umbras
562 2532 841 2572 removens
864 2516 1159 2572 futurorum
1185 2558 1198 2581 ,
1231 2518 1358 2570 nulli
1388 2517 1540 2572 alteri
1574 2515 1720 2570 dedit
1759 2517 1901 2583 quod

315 2608 416 2664 sibi
459 2607 728 2678 singulare
779 2610 1039 2672 servavit;
1073 2606 1167 2660 sed
1223 2608 1275 2660 in
1330 2607 1570 2660 diversos
1618 2605 1756 2657 dona
1807 2618 1901 2657 sua

318 2698 670 2761 distribuens,
703 2697 779 2751 sic
807 2712 923 2766 quae
959 2696 1168 2764 propria
1209 2707 1331 2749 sunt
1373 2695 1654 2748 sacerdotii
1683 2694 1725 2756 ⁸,
1767 2694 1903 2762 regi-

317 2792 415 2844 bus
457 2789 752 2845 interdixit.
784 2788 1043 2853 Quocirca
1082 2787 1529 2855 quemadmodum
1567 2787 1650 2837 vir
1693 2787 1905 2852 sapiens

321 2896 426 2933 non
460 2879 734 2948 profanum
760 2877 1022 2945 judicaret
1066 2879 1166 2930 hoc
1195 2876 1334 2930 velle
1363 2876 1558 2937 videri,
1588 2876 1725 2943 quod
1759 2876 1905 2928 solus

322 2981 398 3022 est
429 2968 706 3024 Christus?
755 2967 858 3022 Sed
896 2982 1014 3022 cum
1049 2968 1128 3021 vel
1169 2966 1388 3022 decreto
1429 2967 1595 3018 sancti
1631 2976 1686 3019 et
1729 2964 1902 3034 magni

322 3060 553 3124 concilii,
587 3077 631 3110 γι
655 3061 671 3114 ι
699 3063 1012 3113 auctoritate
1040 3060 1201 3127 ipsius
1239 3059 1493 3127 principis
1532 3056 1811 3119 Marciani,
1837 3057 1903 3113 ab

2001 1881 2053 1934 di
2086 1881 2197 1935 ausi
2221 1890 2347 1936 sunt
2371 1881 2639 1949 judicare,
2672 1881 3042 1936 existimantes
3089 1880 3209 1950 quia
3261 1881 3345 1934 vel
3397 1881 3591 1935 deesse

2003 1973 2076 2024 illi
2121 1971 2291 2039 potuit
2339 1971 2537 2040 aliquid
2590 1971 2732 2040 quod
2780 1971 3050 2039 supplere,
3100 1970 3184 2025 vel
3241 1971 3416 2024 inesse
3445 1970 3586 2038 quod

2001 2061 2292 2116 emendare
2333 2061 2612 2116 deberent.
2666 2060 3124 2114 Considerandum
3173 2077 3304 2115 vero
3351 2072 3588 2130 cst‘qute

2003 2149 2202 2204 fuerint
2251 2149 2342 2204 illo
2391 2160 2638 2219 tempore
2675 2149 2992 2204 Christianae
3037 2150 3296 2205 libertatis
3344 2151 3398 2206 iu
3429 2165 3588 2221 quam

2001 2256 2187 2294 smnus
2215 2241 2387 2294 vocati
2416 2254 2695 2310 rcspunsa,
2729 2253 2851 2294 cum
2887 2239 2996 2294 Leo
3033 2241 3467 2310 religiosissimus
3493 2244 3587 2296 itn~

2003 2339 2239 2399 perator,
2273 2346 2376 2385 non
2406 2331 2472 2386 de
2503 2331 2782 2400 temporali
2814 2339 3076 2400 potestate
3101 2347 3260 2400 quam
3288 2344 3588 2400 acceperat.

2004 2423 2312 2476 sacerdmes
2365 2423 2460 2476 Dei
2508 2431 2766 2487 terreret,
2797 2423 2890 2477 sed
2923 2423 3099 2492 potius
3132 2434 3320 2478 contra
3346 2426 3590 2481 timorem

2006 2509 2296 2564 humanum
2333 2510 2575 2566 timorem
2623 2511 2704 2566 eis
2747 2511 2839 2566 Dei
2881 2513 3266 2581 omnipotentis
3305 2514 3588 2571 incuteret.

2005 2600 2089 2654 Ait
2107 2602 2247 2654 enim
2275 2599 2669 2668 :iltespondete
2697 2601 2813 2657 sine
2834 2602 3010 2671 aliquo
3040 2603 3232 2662 timore
3256 2604 3511 2671 humano,
3538 2619 3592 2661 ct

2003 2693 2119 2747 sine
2145 2693 2308 2760 gratia
2340 2693 2566 2762 alicujus
2595 2702 2649 2748 et
2674 2695 2816 2757 odio,
2841 2705 2963 2750 ante
2989 2696 3172 2750 oculos
3197 2705 3400 2753 tantum
3430 2701 3591 2754 timo-

2005 2797 2116 2836 rem
2138 2783 2228 2838 Dei
2251 2785 2629 2851 omnip0tentis
2643 2796 2919 2852 ponentes.
2945 2805 2964 2837 ι
2983 2787 3094 2841 Nec
3105 2789 3201 2842 sibi
3215 2803 3308 2843 eos
3331 2792 3590 2846 rationem

2006 2873 2174 2942 ipsius
2200 2889 2310 2928 suae
2345 2876 2706 2943 responsionis
2736 2876 2953 2930 daturos
2996 2893 3116 2932 esse
3167 2882 3504 2946 prxmonuit,
3535 2893 3595 2936 ut

2005 2965 2109 3019 dici
2142 2965 2364 3020 forsitan
2395 2970 2584 3035 possit,
2625 2968 2723 3023 hoc
2755 2982 2848 3022 eos
2878 2971 3218 3036 respondisse
3245 3012 3260 3034 ,
3293 2973 3431 3041 quod
3477 2974 3594 3044 ejus

2007 3058 2187 3111 animo
2219 3058 2534 3125 placiturum
2565 3061 2867 3124 crederent,
2900 3062 2986 3128 qni
3013 3061 3090 3114 eis
3118 3063 3252 3115 dixit
3290 3081 3301 3115 :
3342 3083 3362 3116 ι
3399 3066 3593 3122 Sciturt

322 3155 694 3206 tta'reticorum
762 3150 1131 3206 collisionibus
1210 3152 1555 3219 requiescens
1622 3149 1860 3204 Ecclesia
1887 3194 1901 3219 ,
1933 3153 1980 3216 (ζ
2013 3149 2154 3219 quod
2189 3149 2385 3204 divina:
2435 3140 2700 3219 majestati
2743 3151 2809 3204 de
2853 3167 3026 3206 causa.
3057 3153 3358 3221 hujusmodi
3402 3157 3597 3212 dabitis

325 3253 507 3312 postea
556 3243 731 3298 Leone
791 3243 844 3296 iu
886 3243 1169 3320 imperium
1217 3242 1566 3306 succedente,
1610 3255 1792 3296 rursus
1819 3255 1910 3294 co-

325 3353 438 3388 runt
474 3335 788 3389 factionibus
821 3337 1149 3402 pulsarctur;
1176 3336 1362 3389 volens
1391 3349 1484 3390 eos
1515 3349 1623 3391 non
1670 3348 1764 3387 sua
1797 3345 1911 3388 tan-

325 3433 463 3490 tum,
494 3425 586 3479 sed
612 3425 880 3480 communi
909 3425 1157 3479 Ecclesia:
1189 3427 1536 3495 rcSponsInne
1565 3425 1907 3487 confundere,

328 3517 428 3568 bne
457 3524 511 3568 et.
541 3516 653 3585 ipse
678 3515 800 3576 fecit
831 3515 971 3584 quod
1004 3517 1381 3584 imperatorem
1431 3516 1610 3570 decuit
1654 3517 1913 3572 Clu-istia-

328 3621 476 3668 num,
513 3617 566 3658 nt
599 3621 692 3676 per
723 3609 1161 3676 metropolitanos
1190 3608 1473 3676 episc0pos
1507 3609 1712 3662 litteras
1749 3623 1911 3677 gene-

328 3698 466 3750 rales
499 3699 1058 3762 mittetet,consulcns
1101 3699 1166 3752 de
1217 3699 1500 3752 Timotheo
1547 3699 1915 3754 Alexandrino

330 3789 582 3856 episeopo
614 3790 910 3856 parrwida,
966 3794 1047 3845 vel
1096 3791 1162 3845 de
1210 3790 1632 3845 Chalcedonensi
1663 3792 1912 3856 concilia,

332 3891 387 3931 ut
426 3880 866 3934 convenientibus
893 3897 1073 3936 secum
1113 3881 1440 3952 coepiscopis
1473 3882 1590 3936 suis‘
1628 3889 1682 3936 et
1707 3882 1916 3937 clericis

332 3986 423 4024 sua
452 3972 801 4039 responsione
828 3971 1101 4042 signarent
1130 3973 1254 4042 quid
1280 3974 1357 4028 eis
1393 3973 1682 4027 videretur.
1716 3973 1916 4036 Quibus

335 4065 530 4118 litteris
562 4065 660 4118 boc
688 4080 900 4134 quoque
928 4065 1283 4136 adjiciendum
1307 4066 1587 4134 judicavit,
1608 4067 1872 4120 utdicerct
1901 4083 1913 4120 :

336 4153 674 4223 flespoudete
699 4157 813 4207 sine
841 4155 1018 4225 aliquo
1053 4156 1270 4219 timore,
1301 4164 1356 4209 et
1395 4156 1511 4208 sine
1551 4157 1718 4228 gratia
1751 4155 1916 4208 alicu-

336 4246 418 4312 jus
445 4257 495 4299 et
519 4247 662 4309 odio,
699 4261 820 4299 ante
843 4250 1026 4300 oculos
1051 4255 1223 4300 tamen
1262 4247 1507 4301 timorem
1560 4247 1649 4299 Dei
1680 4247 1921 4312 omnipo-

337 4337 496 4390 tentis
546 4348 838 4404 ponentes,
890 4337 1074 4391 scituri
1123 4336 1261 4407 quod
1300 4336 1494 4393 divina:
1544 4337 1807 4405 majestati
1855 4337 1921 4391 de

338 4438 494 4479 causa
529 4426 828 4494 bujnsmndi
853 4427 1046 4481 dabitis
1072 4428 1352 4481 rationem.
1395 4427 1486 4480 llis
1512 4443 1639 4498 ergo
1665 4433 1916 4496 acceptis,

2013 3243 2292 3296 rationem.
2336 3260 2353 3293 ι
2380 3241 2533 3307 Quod
2563 3243 2650 3296 ille
2685 3243 2930 3312 princeps
2954 3259 3057 3297 non
3091 3260 3185 3312 pro
3206 3246 3318 3300 sola
3340 3247 3600 3303 Christia-

2013 3348 2097 3386 na:
2126 3333 2396 3402 religionis
2426 3333 2703 3403 disciplina
2753 3344 2809 3394 et
2863 3333 3201 3390 observantia
3245 3336 3447 3392 dixisse
3484 3353 3601 3394 cre-

2013 3427 2222 3481 dendus
2251 3436 2352 3491 est,
2383 3443 2568 3483 verum
2600 3429 2759 3482 etiam
2799 3429 2940 3496 quod
2972 3430 3112 3483 nulla
3158 3442 3465 3486 coactorum
3507 3433 3602 3486 dc-

2013 3527 2281 3572 eretorum
2309 3532 2429 3574 esse
2451 3519 2620 3590 possit
2650 3521 2972 3587 auctoritas,
3005 3529 3062 3576 et
3105 3531 3360 3577 extrema:
3399 3522 3469 3577 sit
3509 3539 3603 3576 va-

2015 3609 2195 3664 nitatis
2238 3610 2316 3664 vel
2347 3608 2585 3678 proferre
2627 3610 2886 3666 adversus
2915 3611 3184 3679 aliquem,
3232 3613 3316 3668 vel
3362 3613 3604 3682 rccipete

2016 3703 2333 3758 sententiam
2368 3702 2618 3770 potestati
2648 3717 3009 3758 concessam:
3040 3718 3160 3758 cum
3190 3715 3243 3759 et
3292 3707 3462 3775 ipsum
3503 3724 3601 3759 tto-

2019 3809 2139 3848 tnen
2171 3794 2453 3848 sententiae
2478 3804 2681 3861 pereat,
2713 3793 2928 3860 quando
2957 3807 3062 3846 non
3092 3793 3221 3847 illud
3251 3795 3446 3849 dicitur
3460 3798 3602 3865 quod

2017 3887 2264 3938 sentitur.
2297 3884 2447 3939 Unde
2483 3898 2582 3937 nec
2611 3883 2812 3952 aliquid
2850 3893 3131 3952 praestatur
3161 3899 3337 3939 causa:
3361 3886 3453 3948 _de
3499 3902 3604 3956 qua

2019 3977 2097 4030 sic
2126 3976 2285 4028 fuerit
2312 3975 2640 4042 judicatum,
2684 3982 2740 4028 et
2765 3961 3256 4029 contradicentibus
3285 3977 3509 4030 multum
3536 3993 3603 4031 ex

2023 4067 2122 4120 hoc
2155 4067 2422 4120 firmitatis
2449 4064 2679 4119 accedit.
2729 4064 3073 4119 Convincitur
3125 4067 3268 4121 enim
3321 4082 3425 4122 non
3459 4078 3607 4123 recte

2023 4143 2245 4222 quisque
2270 4154 2573 4224 judicasse,
2605 4153 2746 4224 quod
2787 4154 3142 4223 eompellente
3180 4158 3284 4210 alio
3325 4157 3604 4226 judicavit.

2027 4249 2157 4302 llinc
2187 4248 2472 4316 aliquando
2497 4247 2607 4316 jam
2638 4247 2952 4302 conturbata
2981 4247 3079 4302 fuit
3113 4249 3371 4315 Ecclesia,
3400 4265 3520 4305 cum
3551 4257 3606 4306 tu

2022 4354 2083 4392 ea
2115 4339 2214 4393 sibi
2247 4337 2518 4393 διιτρυιειτίε
2547 4346 2783 4405 potestas
2822 4352 2915 4406 per
2945 4339 3318 4407 imperatorem
3348 4341 3610 4398 Constan—

2027 4428 2154 4482 tium
2181 4429 2318 4495 quod
2350 4428 2398 4482 ei
2428 4442 2533 4483 non
2559 4427 2742 4483 datum
2764 4437 2846 4483 est
2877 4441 3178 4497 usurparet.
3211 4430 3314 4485 Pro
3352 4449 3458 4502 quo
3483 4434 3610 4489 beas
3671 4492 3678 4497 ,

340 4515 500 4569 iidem
534 4519 923 4586 Illell'OpOlllalll
953 4533 1073 4572 cum
1124 4520 1236 4572 suis
1287 4517 1522 4588 collegis,
1573 4519 1710 4572 sicut
1768 4533 1916 4574 erant
1953 4519 1998 4576 D
2027 4529 2112 4573 tus
2143 4519 2376 4573 Hilarius
2403 4519 2456 4574 in
2487 4518 2712 4588 epistola
2739 4519 2891 4589 cujus
2925 4531 3127 4590 partem
3159 4523 3210 4578 in
3242 4524 3451 4580 decimo
3474 4527 3610 4582 libro

339 4608 675 4672 commoniti,
708 4609 777 4662 de
826 4625 918 4662 sua
949 4609 1171 4678 quiSquc
1211 4609 1482 4677 provincia
1530 4612 1920 4678 responderunt

339 4707 445 4751 tant
477 4699 728 4753 concordi
761 4709 919 4768 atque
957 4701 1219 4755 constanti
1268 4702 1531 4755 sententia
1554 4741 1570 4768 ,
1599 4717 1757 4771 quant
1787 4704 1923 4757 :oTet

343 4794 542 4848 mnltos
570 4793 720 4847 unire
747 4793 969 4862 Spiritus
1011 4795 1271 4849 veritatis.
1312 4795 1442 4850 Nam
1474 4796 1598 4851 licet
1635 4811 1666 4851 e
1697 4795 1921 4850 diversis

343 4888 606 4954 longeque
631 4885 950 4939 distantibus
983 4886 1113 4940 locis
1149 4886 1302 4950 data,
1357 4887 1486 4940 nihil
1519 4897 1690 4942 tamen
1722 4887 1921 4941 babuc-

343 4988 465 5031 runt
508 4979 745 5032 omnium
807 4993 1064 5047 responsa
1108 4979 1400 5040 diversum,
1451 4981 1642 5048 quibus
1671 4980 1922 5036 decreve-

345 5079 461 5123 runt
495 5071 951 5125 irretractabiliter
992 5085 1111 5125 esse
1141 5072 1487 5128 custodienda
1517 5071 1924 5128 Chalcedonen-

345 5167 418 5220 sis
447 5167 661 5221 decrcta
685 5167 895 5221 concilii
925 5187 937 5222 :
973 5175 1352 5236 protestantes,
1376 5169 1511 5222 sicut
1535 5169 1671 5223 libro
1696 5169 1929 5222 secundo

344 5259 450 5328 jam
500 5259 944 5326 memoravimus,
995 5268 1153 5329 atque
1205 5253 1445 5318 (licentes
1477 5279 1489 5317 :
1524 5278 1543 5313 t
1575 5260 1756 5330 Neque
1786 5260 1888 5316 iota
1913 5261 1933 5290 ⁸

422 5507 438 5538 ¹
456 5504 830 5570 Cod.\'eron.,
856 5506 1128 5559 constituta
1148 5516 1265 5559 sunt
1289 5507 1340 5561 in
1365 5507 1579 5560 concilio
1599 5515 1851 5562 rectorum
1879 5515 1924 5558 ct

350 5577 738 5648 congregatione
763 5593 948 5647 magna
969 5594 1120 5646 opera
1153 5577 1355 5631 Domini
1383 5579 1634 5648 exquisita
1670 5581 1722 5632 in
1751 5593 1924 5631 omnes

351 5645 628 5700 voluntates
656 5650 781 5717 ejus,
815 5645 865 5699 iii
898 5649 1326 5717 disceptationem.

423 5720 442 5748 '
471 5717 615 5787 idem
641 5717 782 5781 cod.,
810 5718 1136 5787 doctoresque
1157 5729 1297 5786 sunt,
1319 5720 1471 5773 velut.

421 5786 610 5845 ’Jtlem
641 5787 784 5851 cod.,
818 5801 1166 5842 occurrerunt.

633 5876 904 5938 PATROL.
950 5876 1206 5946 LXVII.

2028 4612 2340 4679 protulimus
2362 4651 2377 4676 ,
2410 4611 2621 4666 dicebat
2647 4629 2660 4664 :
2689 4630 2706 4663 ι
2745 4611 2870 4667 Post
2903 4616 3125 4668 multum
3156 4627 3211 4670 et
3253 4633 3468 4688 gravem
3498 4635 3613 4675 oma-

2028 4704 2174 4758 nium
2206 4715 2449 4758 nostrum
2476 4703 2546 4758 ob
2586 4719 2677 4757 eas
2718 4719 2804 4758 res
2833 4720 2953 4774 qua
2992 4707 3292 4778 irreligiose
3319 4710 3389 4764 ab
3431 4711 3613 4779 impiis

2027 4797 2349 4866 gerebantur
2377 4796 2640 4862 dolorem,
2673 4811 2735 4851 ex
2762 4811 2827 4850 eo
2856 4799 2991 4852 intra
3024 4812 3121 4854 nos
3151 4809 3351 4855 tantum
3382 4815 3613 4856 commu-

2029 4891 2119 4943 nio
2143 4889 2406 4942 dominica
2436 4889 2758 4954 continetur,
2787 4903 2853 4942 ex
2884 4905 2990 4958 quo
3015 4890 3096 4942 his
3128 4891 3614 4959 perturbationibus

2028 4982 2212 5036 vexari
2239 4979 2481 5035 Ecclesia
2505 4991 2677 5050 empta
2699 4989 2802 5046 est,
2819 4989 2876 5035 ut
2895 4982 3138 5036 exsulcnt
3154 4981 3409 5049 episcopi,
3433 4981 3614 5038 demuo

2030 5081 2209 5128 tentur
2237 5073 2570 5137 sacerdotes,
2605 5072 2786 5141 plebes
2829 5082 3147 5137 terreantur,
3181 5072 3311 5126 fides
3342 5075 3615 5140 perit-lite-

2035 5175 2140 5232 tur,
2173 5169 2406 5220 humano
2438 5164 2658 5219 arbitrio
2680 5178 2742 5218 ac
2765 5170 3027 5230 potestate
3051 5163 3308 5218 doctrinte
3334 5164 3616 5220 dominica!

2039 5261 2256 5316 decreta
2299 5265 2621 5317 statuantur.
2676 5275 2694 5308 ι
2749 5256 2951 5311 Idcirco
2995 5256 3153 5326 igitur
3200 5258 3299 5327 pia:
3345 5261 3618 5315 memoria

2101 5503 2121 5533 ⁸
2157 5504 2293 5558 ῐ-ιθσιι
2326 5503 2472 5569 cod.,
2505 5502 2768 5575 sirtttqum
2794 5502 3001 5572 pmprt'a
3034 5509 3150 5556 sunt
3175 5505 3318 5575 regni
3346 5507 3620 5560 sacerdoti-

2033 5575 2138 5631 bus.
2186 5577 2255 5626 ita
2307 5589 2420 5640 qtae
2466 5574 2676 5643 prapria
2725 5582 2840 5625 sunt
2887 5575 3156 5627 sacerdotii
3211 5574 3412 5646 regibus
3461 5579 3618 5630 inter-

2033 5646 2182 5698 dixit.

2107 5717 2126 5744 ⁸
2154 5715 2290 5766 Idem
2321 5715 2468 5773 (το-1.,
2497 5729 2652 5766 unum
2676 5714 2796 5767 iota.

2107 5785 2130 5818 ⁸
2159 5787 2299 5838 idem
2327 5785 2472 5852 end.,
2501 5787 2622 5838 sale.

3101 5878 3268 5949 27.
