3998 6194
396 297 501 354 813

1475 288 1767 347 FACUNDI
1808 286 2016 345 EPISG.
2056 285 2563 344 HERMIANENSlS
3582 291 3676 344 8H

400 414 506 468 Leo
532 410 767 481 quietem
795 422 903 462 non
932 401 1272 460 conturbavit
1301 400 1587 467 Ecclesiae,
1617 404 1740 473 quia
1769 417 1874 456 non
1897 417 1995 458 suo
2024 405 2071 463 Α
2100 401 2282 455 dinem
2327 415 2433 456 non
2481 399 3013 469 sequunturH‘otro
3043 415 3164 456 cum
3193 400 3243 454 in
3270 400 3374 466 bis,
3415 416 3538 471 quae
3580 414 3685 457 tam

398 499 623 558 arbitrio
647 514 709 554 ac
739 506 1002 565 potestate
1040 496 1385 564 praesumpsit
1412 494 1670 548 doctrina:
1711 493 1992 563 dominica:

399 595 613 651 decreta
644 599 902 651 statuere,
937 600 1036 640 nec
1060 585 1343 654 quidquam
1367 584 1495 639 solis
1527 584 1789 637 creditum
1815 596 1994 637 sacer-

397 683 614 739 dotibus
649 676 952 746 usurpavit.
989 676 1123 730 Hinc
1150 674 1318 729 etiam
1345 688 1464 743 qua
1506 672 1839 741 temporibus
1876 671 1993 741 ejus

399 774 613 829 delinita
636 778 778 835 sunt,
801 767 918 823 sine
946 766 1104 821 ullius
1126 764 1404 820 violentia:
1428 762 1739 819 causatione
1761 762 1991 816 fidenter

406 864 675 923 haereticis
724 868 1119 932 opponuntur:
1157 855 1410 927 quoniam
1462 854 1638 911 sciens
1688 854 1830 925 quod
1876 861 1996 922 post

401 960 687 1015 adventum
711 952 923 1010 Domini
945 950 1177 1023 gentiles
1202 959 1405 1004 tantum
1425 947 1692 1018 principes
1711 946 1994 1016 imperium

403 1052 561 1108 simul
584 1048 1053 1117 sacerdotiumque
1090 1054 1402 1112 tenuerunt,
1442 1043 1705 1113 judicavit
1751 1057 1859 1098 non
1898 1040 1993 1096 de-

405 1163 530 1205 cere
555 1147 850 1218 principem
876 1142 1241 1199 Cbrissianum
1263 1139 1407 1211 quod
1430 1140 1529 1194 fuit
1555 1136 1843 1217 aliquando
1867 1150 1997 1207 gen-

406 1241 597 1296 tilium.
628 1235 783 1306 Quod
810 1236 853 1290 si
884 1234 1148 1290 dominari
1179 1240 1455 1302 appeteret
1496 1226 1623 1285 ﬁdei
1646 1228 1993 1294 Christianre,

408 1328 551 1400 quod
589 1343 688 1383 nec
732 1325 1024 1397 Apostolus
1053 1324 1335 1394 appetivit,
1366 1322 1457 1393 qui
1483 1320 1654 1376 dixit:
1688 1318 1810 1374 Non
1862 1319 1997 1372 enim

407 1422 731 1478 dominamur
761 1418 884 1488 ﬁa‘ei
923 1426 1121 1485 vestra,
1169 1416 1256 1471 sed
1300 1416 1566 1485 adjutores
1605 1428 1781 1468 sumus
1823 1411 1997 1482 gaudii

407 1511 558 1567 vestri
585 1506 672 1581 (II
701 1508 821 1564 Cor.
856 1522 894 1573 ι,
925 1507 1042 1577 2⁷5),
1086 1507 1234 1576 prius
1274 1506 1390 1575 ipse
1438 1504 1578 1575 quod
1620 1503 1670 1559 ei
1719 1502 1997 1557 videbatur

408 1617 507 1674 pro
530 1600 682 1657 libito
709 1614 809 1656 suo
839 1598 1160 1662 decernens,
1192 1605 1377 1665 postea
1407 1608 1741 1665 supervacue
1774 1595 1840 1647 ad
1872 1592 1999 1647 sub.

409 1690 757 1748 scribendum
786 1686 1320 1743 Cbristisacerdotes
1348 1685 1659 1751 adduceret,
1690 1693 1746 1740 et
1783 1691 2000 1753 cogeret

2098 495 2353 549 Marciani
2390 493 2648 563 principis
2690 507 2851 561 quam
2882 491 3077 547 Leonis
3122 494 3458 562 temporibus
3487 502 3689 551 constt.

2099 593 2209 639 tuta
2240 593 2385 652 sunt,
2423 584 2557 638 nihil
2592 583 2822 638 habeant
2861 582 3315 654 Semieutychiani
3364 586 3515 654 quod
3554 603 3690 656 que-

2096 685 2305 743 rantur,
2356 690 2451 731 cur
2508 674 2744 729 fautores
2773 688 2958 729 eorum
3002 689 3137 728 nova
3196 677 3586 732 retractatione
3637 680 3691 734 in

2099 771 2313 826 irritum
2344 783 2407 824 ea
2434 768 2703 824 deducere
2723 767 3044 822 voluerunt?
3074 766 3323 837 Nunquid
3362 769 3505 824 enim
3547 770 3694 825 Mar-

2095 862 2282 917 cianus
2309 875 2369 915 ac
2398 859 2508 915 Leo
2538 860 2605 914 ad
2642 859 3066 915 confirmandam
3099 860 3430 931 praecipitem
3475 872 3697 918 senten-

2098 956 2226 1011 tiam
2258 969 2409 1009 suam
2443 952 2671 1009 concilia
2700 952 3120 1023 congregabant,
3146 968 3466 1023 rursumque
3482 958 3696 1022 mutati,

2103 1060 2202 1115 pro
2231 1045 2314 1099 sui
2339 1043 2505 1098 animi
2533 1043 2943 1111 discursatione,
2976 1044 3238 1113 cogebant
3269 1043 3363 1099 Dei
3385 1048 3697 1103 sacerdotes

2107 1137 2331 1207 pristina
2364 1147 2572 1191 mutare
2601 1136 2841 1201 decreta,
2871 1135 3003 1189 utin
3035 1134 3325 1190 ludibrium
3354 1137 3612 1207 gravitas,
3638 1146 3697 1193 et

2100 1232 2153 1286 in
2184 1231 2485 1285 satietatem
2524 1229 2733 1285 veniret
2781 1229 3140 1297 exspectanda
3172 1237 3486 1284 reverenter
3512 1209 3697 1300 ’διησ-

2099 1322 2234 1376 dalis
2255 1319 2587 1375 auctoritas?
2612 1319 2689 1374 Illi
2715 1332 2988 1387 nunquam
3011 1317 3467 1386 dispensationem
3490 1320 3698 1374 divino-

2103 1428 2219 1466 rum
2254 1418 2716 1466 sacramentorum
2746 1410 3000 1465 Ecclesia:
3031 1410 3470 1478 praedicatoribus
3516 1412 3699 1465 abstu-

2101 1506 2299 1560 lerunt.
2335 1504 2596 1568 Quoniam
2626 1503 2869 1557 sciebant
2898 1502 3059 1571 quod,
3087 1503 3227 1555 sicut
3254 1502 3305 1556 in
3333 1503 3699 1558 adgnonitiOne

2104 1613 2289 1666 regum
2311 1612 2404 1665 per
2418 1596 2763 1650 Salomoncm
2782 1594 3036 1648 Dominus
3049 1594 3180 1647 dixit
3196 1611 3208 1645 :
3228 1593 3489 1647 Rectorem
3507 1603 3555 1647 te
3565 1595 3700 1648 insti-

2102 1697 2307 1743 inerunt
2327 1690 2350 1741 ?
2371 1703 2433 1741 ne
2462 1688 2758 1741 extollaris:
2788 1684 2909 1740 Esto
2927 1687 2975 1738 in
2994 1686 3118 1748 illis,
3136 1686 3282 1751 quasi
3307 1699 3439 1738 unus
3461 1700 3522 1738 ει,
3537 1686 3699 1752 ipsis,

411 1782 497 1837 his
522 1796 643 1852 qua!
681 1780 797 1850 ipse
846 1778 1195 1833 “invenerat
1242 1791 1430 1831 manus
1466 1776 1791 1832 358611101188
1841 1775 1990 1829 ἀπε.
2026 1777 2074 1835 Β
2100 1796 2276 1834 curam
2307 1777 2518 1832 illorum
2548 1777 2751 1845 adhibe,
2783 1786 2829 1831 et
2850 1777 2925 1831 sic
2953 1775 3500 1847 considera"(Ecc!i.
3531 1791 3703 1841 xxxii,

410 1872 513 1935 Qui
540 1871 588 1924 si
615 1884 677 1923 ea
701 1878 950 1939 tanquam
974 1864 1188 1922 concilii
1234 1865 1449 1920 decreta
1489 1863 1847 1932 susciperent,
1878 1878 1998 1933 quae

413 1961 569 2017 unius
621 1961 744 2017 laici
802 1968 984 2015 essent
1034 1957 1331 2026 composita
1383 1955 1679 2022 voluntate,
1738 1963 1999 2009 statueret

414 2053 599 2109 omnia
628 2052 713 2107 cui
743 2050 812 2106 de
842 2049 1039 2104 talibus
1064 2048 1242 2104 musis
1271 2046 1516 2118 judicare
1554 2060 1659 2101 non
1705 2046 1999 2115 competit;

423 2147 499 2201 illi
538 2157 665 2201 vero
694 2142 829 2197 nihil
856 2141 1212 2197 decernerent
1240 2139 1431 2207 quibus
1456 2136 1714 2206 competit
1734 2136 2001 2206 judicare.

417 2237 623 2293 Mentor
666 2235 829 2291 etiam
881 2230 1169 2304 praedictus
1214 2224 1508 2299 Augustus,
1553 2227 1697 2298 quod
1739 2241 2001 2297 nusquam

422 2339 665 2386 coactum
694 2327 988 2385 concilium
1031 2325 1134 2381 nisi
1183 2323 1400 2378 falsitati
1437 2322 1754 2392 subscripsit
1780 2323 1819 2388 ',
1865 2321 2006 2378 sicut

414 2422 467 2476 in
515 2421 755 2475 Arimino
797 2417 997 2473 factum
1037 2425 1122 2473 est
1160 2413 1480 2471 Constantio
1524 2413 1904 2483 compellente,
1950 2422 2006 2468 et

414 2511 556 2579 apud
584 2510 861 2578 Ephesum
906 2508 1249 2577 opprimente
1301 2506 1587 2570 Dioscoro,
1637 2503 2005 2560 conﬁrmatio-

415 2618 537 2657 nem
569 2601 691 2656 tidei
730 2599 1073 2657 sacerdotum
1121 2597 1323 2654 dimisit
1371 2598 1633 2664 examini,
1680 2612 1912 2666 quorum
1951 2607 2008 2653 et

414 2694 699 2750 commissa
727 2700 811 2747 est
840 2690 1093 2761 potestati
1120 2707 1133 2742 :
1176 2704 1295 2759 qua:
1327 2700 1455 2743 tunc
1482 2703 1610 2743 vere
1643 2688 1781 2744 faeta
1826 2689 2005 2745 credi-

416 2793 524 2852 tur,
551 2785 597 2839 si
627 2798 730 2837 non
762 2781 1035 2836 saecularis
1066 2780 1351 2850 potestatis
1376 2779 1658 2834 sententia:
1695 2779 2007 2835 subscriba-

417 2884 523 2930 tur.
559 2874 719 2927 Aliud
746 2880 834 2927 est
857 2872 1024 2936 enim,
1055 2886 1176 2927 cum
1226 2873 1279 2927 in
1329 2872 1558 2926 concilio
1590 2872 1765 2926 locum
1813 2872 2008 2940 judicis

418 2967 555 3020 inter
581 2964 715 3018 alios
741 2963 1021 3032 episcopos
1043 2964 1269 3033 quisque
1292 2971 1506 3029 tenens,
1531 2963 1672 3032 quod
1695 2962 1860 3018 sentit
1882 2963 2008 3018 sub-

418 3060 709 3128 scriptione
760 3057 1040 3126 designat;
1082 3056 1230 3110 aliud
1276 3063 1478 3116 autem.
1507 3071 1628 3111 cum
1673 3058 1810 3109 sicut
1858 3057 2010 3110 testis

2108 1874 2159 1938 l,
2182 1870 2242 1940 9.)
2270 1889 2281 1923 ;
2311 1872 2388 1925 sic
2412 1870 2629 1939 proprie
2655 1871 2722 1923 de
2752 1868 3101 1937 praedicatore
3126 1867 3293 1922 d.vini
3334 1867 3479 1922 verbi
3513 1884 3700 1922 rursus

2111 1960 2254 2016 idem
2275 1960 2531 2014 Dominus
2553 1961 2603 2013 in
2628 1959 2916 2028 Evangelio
2930 1960 3063 2013 dixit
3090 1976 3101 2011 :
3128 1960 3255 2026 Quis
3282 1968 3429 2029 putas
3451 1972 3522 2013 est
3537 1960 3704 2019 fidelis

2104 2052 2427 2121 dispensator
2449 2060 2497 2104 et
2521 2050 2767 2118 prudens,
2800 2066 2948 2114 quem
2978 2050 3237 2104 constituit
3274 2049 3525 2104 Dominus
3554 2069 3705 2120 super

2110 2143 2363 2213 familiam
2383 2158 2550 2211 suam,
2576 2150 2630 2195 ut
2648 2143 2730 2195 det
2751 2142 2855 2196 illis
2877 2143 2928 2195 in
2956 2156 3180 2212 tempore
3200 2143 3353 2196 tritici
3379 2145 3704 2197 mensuram?

2106 2235 2297 2289 Beatus
2326 2236 2413 2289 ille
2433 2251 2607 2288 servus
2629 2251 2777 2301 quem
2799 2250 2911 2287 cum
2944 2235 3135 2290 venerit
3163 2232 3434 2302 Dominus,
3458 2234 3705 2289 invenerit

2105 2328 2181 2379 ita
2226 2326 2498 2395 facientem
2546 2324 2699 2396 (Luc.
2745 2341 2836 2391 xu,
2870 2325 2962 2389 42,
2994 2322 3110 2394 45).
3144 2325 3273 2393 Qum
3319 2325 3480 2382 verba
3532 2327 3705 2381 Evan~

2110 2419 2237 2489 gelii
2264 2418 2537 2489 quomodo
2561 2419 2843 2487 religiosos
2888 2430 2942 2473 et
2982 2406 3254 2487 sapientes
3302 2419 3573 2489 principes
3602 2437 3707 2475 non

2112 2518 2415 2577 moverent,
2462 2525 2528 2564 ne
2576 2525 2635 2566 se
2686 2512 2814 2564 tanti
2865 2509 3063 2580 negmii
3106 2511 3359 2579 periculis
3412 2512 3708 2566 insolenter

2110 2602 2452 2672 ingererent?
2481 2603 2716 2657 Primum
2748 2605 2886 2672 quod
2921 2605 3020 2658 iste
3051 2620 3240 2659 servus
3292 2620 3395 2659 non
3429 2619 3703 2675 erogator.

2111 2695 2203 2750 sed
2245 2696 2586 2764 dispensator
2632 2696 2828 2752 dicitur
2866 2711 2895 2750 a
2937 2697 3165 2752 Domino
3208 2698 3534 2753 constitutus
3574 2715 3586 2751 :
3622 2699 3709 2752 cui

2110 2786 2519 2857 vigilantissima
2556 2787 2883 2843 discretione
2918 2802 3051 2857 opus
3082 2797 3164 2842 est
3205 2800 3263 2843 ut
3307 2789 3528 2842 unicum
3554 2788 3574 2818 ⁸
3605 2789 3711 2843 sibi

2116 2880 2358 2934 officium
2394 2878 2747 2948 probabiliter
2786 2881 2953 2947 possit
2996 2861 3241 2948 implere.
3297 2877 3420 2932 Ideo
3452 2893 3557 2931 non
3590 2889 3713 2931 tan-

2118 2982 2228 3025 tum
2260 2971 2455 3036 fidelis,
2492 2987 2673 3026 verum
2703 2971 2864 3025 etiam
2905 2972 3137 3040 prudens
3172 2986 3197 3021 a
3235 2970 3459 3023 Domino
3507 2969 3711 3037 quati-

2118 3073 2249 3118 tur:
2286 3063 2374 3134 qui
2421 3081 2525 3117 non
2571 3064 2852 3134 mqualitcr
2900 3063 3114 3116 familia:
3161 3062 3262 3116 sibi
3300 3063 3560 3128 creditae,
3611 3077 3715 3116 nec

418 3150 722 3213 adducitur,
746 3158 801 3204 et
826 3147 969 3219 quod
987 3155 1073 3204 est
1101 3147 1363 3214 deterius,
1400 3147 1589 3202 nolens
1617 3146 1812 3216 placito
1834 3148 2010 3202 alieno
2035 3148 2084 3211 C
2117 3157 2306 3211 eodem
2366 3157 2526 3209 modo
2579 3167 2797 3224 eroget;
2848 3155 2942 3210 sed
2990 3156 3262 3219 omnibus.
3314 3171 3409 3223 pro
3447 3156 3718 3223 cujusque

420 3241 736 3298 subscribit.
768 3240 923 3297 Unde
954 3240 1079 3295 licet
1107 3238 1302 3294 falsum
1325 3252 1523 3293 nomen
1553 3238 1888 3307 synodalium
1918 3238 2009 3291 de-

418 3340 687 3387 cretorqu
717 3328 1017 3399 hujusmodi
1048 3329 1330 3396 scriptura:
1353 3327 1663 3397 prmferant,
1689 3327 1753 3381 ad
1796 3329 1896 3381 hoc
1925 3337 2008 3380 ta-

420 3426 542 3477 men
572 3421 875 3486 proficiunt,
909 3427 967 3474 ut
1000 3419 1289 3474 ostendant
1312 3419 1502 3488 quales
1528 3434 1703 3475 causa:
1737 3421 1847 3473 sint
1890 3421 2008 3489 qui-

422 3513 520 3567 bus
549 3510 653 3565 nisi
673 3510 987 3579 compulsus
1012 3524 1169 3565 nemo
1200 3510 1548 3579 subscripsit;
1581 3512 1717 3580 qual‘
1742 3526 1768 3565 s
1800 3510 1875 3565 illi
1919 3512 2006 3578 qui

420 3601 760 3660 subscribere
811 3603 1220 3670 compulerunt,
1269 3600 1325 3656 et
1378 3601 1566 3670 quales
1621 3602 1709 3668 qui
1762 3600 2007 3656 humanae

423 3692 826 3762 praesumptioni
861 3700 1164 3746 cesserunt.
1211 3691 1323 3747 lloc
1351 3707 1560 3761 quoque
1608 3708 1711 3746 non
1763 3694 2008 3749 nesciens

421 3785 564 3841 idem
590 3783 1027 3854 religiosissimus
1047 3783 1359 3855 imperator,
1382 3784 1521 3852 quod
1543 3786 1693 3854 pauci
1724 3785 2009 3838 admodum

423 3877 653 3941 ratione,
685 3876 837 3930 multi
870 3890 999 3931 vero
1031 3876 1353 3930 auctoritate
1381 3876 1678 3942 ducantur,
1711 3891 1815 3929 non
1839 3878 2011 3931 solum

423 3982 532 4023 non
555 3976 898 4037 extorquere,
925 3964 1021 4021 sed
1055 3981 1154 4021 nec
1186 3966 1381 4036 pra-ire
1416 3967 1640 4021 tentavit
1684 3968 2013 4022 sententiam

424 4060 807 4124 sacerdotum;
835 4066 894 4112 ut
918 4057 1043 4112 dum
1077 4058 1129 4111 in
1156 4072 1350 4126 causa,
1382 4056 1508 4112 licet
1550 4058 1658 4127 jam
1697 4059 1911 4113 decreta
1961 4069 2016 4114 et

424 4151 737 4218 manifesta,
767 4165 954 4206 eorum
983 4151 1154 4220 magis
1184 4151 1329 4219 eligit
1371 4160 1688 4218 exSpectarc
1728 4150 2013 4218 judicium,

420 4243 579 4299 omni
609 4242 827 4312 populo,
857 4251 1114 4311 quantam
1154 4241 1510 4296 reverentiam
1562 4241 1877 4294 sacerdotali
1924 4256 2015 4295 au-

424 4334 660 4390 ctoritati
688 4334 899 4388 deferre
925 4333 1138 4397 debeat,
1172 4332 1290 4400 ipsa
1314 4345 1408 4384 sua
1434 4332 1833 4400 exspectatione
1861 4348 2015 4386 mon-

422 4434 579 4481 stret.
608 4425 762 4491 Quod
811 4424 858 4478 si
901 4426 1046 4494 prior
1078 4424 1178 4477 hoc
1209 4422 1349 4492 quod
1396 4438 1605 4492 aequum
1650 4433 1764 4478 erat
1819 4424 2019 4479 consti-

2113 3256 2272 3317 captu
2306 3258 2360 3302 et
2397 3248 2583 3302 habitu
2638 3248 2833 3302 mentis
2875 3247 3195 3302 dominicam
3242 3248 3519 3301 moderate
3548 3256 3719 3316 atque

2115 3338 2498 3394 convenienter
2549 3337 2824 3407 dispenset
2868 3353 3161 3391 annonam.
3217 3338 3415 3391 Deinde
3457 3337 3603 3407 quod
3664 3342 3715 3393 in

2115 3440 2355 3497 tempore
2391 3430 2710 3483 admonetur
2764 3429 2922 3482 tritici
2976 3430 3104 3483 dare
3160 3444 3487 3483 mensuram.
3554 3430 3720 3498 Smpe

2115 3524 2257 3576 enim
2288 3536 2406 3590 quae
2437 3530 2734 3589 opportune
2777 3521 2979 3588 prolata
3011 3520 3244 3574 salubria
3289 3519 3484 3584 forent,
3522 3520 3721 3573 incon-

2115 3627 2249 3683 gruo
2278 3624 2519 3681 tempore
2550 3620 2866 3666 nocuerunt.
2915 3611 3053 3680 Ergo
3096 3620 3151 3666 et
3193 3610 3564 3680 opportunitas
3611 3614 3721 3665 oi.-

2114 3706 2372 3760 servanda
2405 3715 2509 3770 est,
2543 3714 2598 3758 ut
2630 3704 2683 3759 in
2712 3716 2951 3773 tempore
2998 3705 3155 3760 tritici
3196 3719 3447 3759 mensura
3494 3704 3723 3760 familiae

2115 3797 2471 3866 diSpensctur.
2511 3795 2568 3851 Si
2620 3797 2739 3864 quis
2785 3797 2941 3865 igitur
2973 3797 3162 3849 borum
3209 3797 3565 3865 perieulorum
3624 3813 3723 3851 nc-

2116 3891 2283 3954 scius,
2310 3904 2430 3944 eum
2463 3890 2631 3944 videri
2656 3890 2845 3945 doctus
2872 3891 3093 3959 appetit,
3126 3889 3433 3957 importune
3466 3904 3531 3941 ac
3564 3891 3723 3943 nulla

2118 3979 2347 4034 utilitate
2390 3978 2681 4044 suadente,
2726 3979 3038 4048 spontaneis
3092 3979 3480 4049 «lineationibus
3527 3978 3725 4033 Eccle-

2118 4072 2253 4125 siam
2285 4070 2488 4138 turbat,
2519 4070 2605 4125 bic
2651 4088 2756 4124 non
2790 4072 3126 4139 dispensator
3156 4071 3369 4126 familiai
3400 4070 3728 4142 dominicae,

2120 4163 2212 4218 sed
2264 4163 2551 4232 dissipator
2594 4174 2675 4219 est
2722 4174 2776 4218 et
2823 4165 3201 4235 mysteriorum
3261 4165 3355 4220 Dei
3414 4164 3728 4234 dispersor.

2121 4253 2275 4322 Quod
2301 4254 2373 4309 iili
2414 4254 2685 4324 principes
2716 4269 2837 4311 esse
2880 4256 3204 4322 timuerunt;
3252 4266 3305 4311 et
3351 4256 3574 4323 idcirco,
3612 4272 3726 4312 non

2122 4354 2328 4400 tantum
2386 4344 2511 4415 quia
2550 4345 2691 4399 vires
2747 4361 2934 4399 eorum
2986 4346 3274 4416 superabat
3321 4348 3449 4400 tanti
3513 4349 3729 4417 negotii

2125 4436 2454 4507 magnitudo,
2486 4451 2671 4489 verum
2714 4438 2872 4490 etiam
2902 4436 3024 4506 quia
3072 4454 3178 4491 non
3217 4449 3557 4506 acceperant,
3612 4455 3729 4495 non

431 4528 582 4573 tuere
602 4516 783 4581 vellet,
808 4526 861 4569 et
882 4526 1064 4586 postea
1087 4528 1332 4584 quaerere
1356 4515 1730 4584 episcoporum
1753 4517 2006 4570 sententia

2126 4529 2226 4583 sibi
2286 4539 2691 4598 assumpserunt
2759 4529 2916 4605 lmjus
2972 4529 3386 4599 dispensationis
3451 4530 3729 4586 ofﬁcium.

425 4607 571 4679 quod
597 4608 954 4664 constituerat
998 4605 1266 4671 roborari,
1302 4606 1543 4674 quamvis
1567 4606 1766 4675 justum
1808 4606 2021 4676 religio-

428 4713 656 4768 sumquc
683 4698 984 4763 decretum,
1033 4697 1219 4752 multis
1266 4706 1444 4752 tamen
1496 4698 1695 4753 faceret
1739 4699 1827 4752 tali
1880 4713 2016 4767 prte-

426 4793 739 4863 sumplione
765 4801 1096 4860 suspectum.
1124 4790 1429 4861 Promptius
1451 4791 1594 4845 enim
1621 4791 1935 4847 crederetur
1954 4791 2020 4845 ab

425 4889 508 4943 eis
538 4888 630 4959 qui
662 4886 840 4940 minus
870 4897 1098 4953 capaces
1124 4892 1250 4938 sunt
1275 4884 1501 4939 rationis
1547 4883 1686 4952 quod
1721 4898 1823 4938 non
1879 4883 2020 4939 veri-

431 4980 524 5034 tati
554 4978 885 5035 obedissent.
909 4976 965 5034 Si
996 4977 1084 5047 qui
1112 4978 1256 5031 enim
1277 4977 1297 5007 ¹
1327 4974 1548 5031 decreto
1576 4976 2020 5044 subscripsissent

429 5074 692 5143 episcopi,
734 5072 828 5128 sed
862 5071 1037 5140 potius
1086 5069 1369 5141 temporali
1411 5068 1716 5123 timuissent
1768 5070 2020 5122 resistere

433 5171 711 5237 potestati,
759 5178 921 5236 atque
949 5167 1018 5220 ita
1048 5165 1192 5221 veris
1222 5164 1383 5219 rebus
1405 5178 1525 5234 qute
1559 5164 1737 5218 multis
1768 5172 1845 5218 est
1877 5164 2021 5219 utilis

429 5260 783 5328 abrogaretur
807 5259 1118 5313 auctoritas.
1153 5256 1218 5311 Et
1252 5258 1370 5325 quis
1406 5255 1674 5324 explicare
1705 5262 1883 5323 potest
1904 5272 2021 5323 quae

431 5353 570 5407 mala
602 5361 1001 5420 consequentur
1036 5364 1130 5407 eos
1162 5349 1249 5421 qui
1295 5351 1493 5406 divina:
1532 5349 1902 5419 diSpositionis
1935 5365 2022 5405 or-

418 5535 423 5539 ’
506 5550 529 5576 ⁸
560 5540 787 5603 κάθισον,
820 5538 1041 5607 conﬁde.

507 5720 522 5751 ¹
547 5716 681 5775 Cod,
716 5717 935 5778 \’er0u..
966 5714 1319 5787 subscripserit

505 5791 525 5824 ⁸
556 5789 698 5845 Idem
730 5788 875 5855 cod.,
901 5788 1031 5857 ejus.

2124 4619 2277 4676 Unde
2328 4620 2458 4675 nihil
2500 4630 2583 4676 est
2626 4637 2792 4692 quare
2841 4622 3090 4677 dicantur
3136 4622 3345 4677 inﬁrma
3392 4623 3474 4678 vel
3536 4625 3733 4679 minus

2124 4710 2315 4767 idonea
2347 4726 2466 4781 qum
2494 4722 2677 4779 contra
2713 4714 2993 4768 haereticos
3017 4728 3204 4769 eorum
3234 4723 3357 4768 sunt
3386 4717 3733 4784 temporibus

2123 4803 2446 4868 constituta;
2480 4805 2732 4873 quoniam
2761 4814 2907 4859 extra
2938 4805 3197 4874 judicmm
3226 4810 3384 4876 atque
3423 4810 3731 4867 auctorita-

2127 4901 2237 4948 tem
2284 4895 2627 4949 sacerdotum
2657 4904 2804 4963 gesta
2843 4904 3008 4962 sunt,
3051 4911 3278 4965 quorum
3310 4898 3646 4951 sententiam
3676 4908 3734 4952 et

2133 4985 2235 5054 ipsi
2281 4985 2552 5056 principes
2591 4986 2977 5054 sequebantur,
3028 5001 3135 5039 non
3178 4987 3518 5040 immemores
3573 4989 3732 5058 qtmd

2129 5078 2582 5149 quemadmodum
2626 5079 2816 5133 Petrus
2860 5079 3134 5145 apostolus
3177 5078 3361 5133 dicens
3397 5096 3410 5130 :
3460 5077 3635 5131 Deum
3662 5079 3734 5131 tio

2130 5179 2281 5235 mete,
2313 5185 2482 5239 regem
2519 5168 2854 5233 honori/irate
2895 5167 2945 5239 (l
2980 5168 3122 5221 l’etr.
3149 5183 3205 5231 ll,
3243 5169 3356 5237 17),
3412 5183 3518 5219 non
3575 5168 3739 5221 laicis

2133 5270 2362 5327 tantum,
2421 5261 2514 5315 sed
2549 5260 2680 5329 ipsis
2710 5276 2924 5331 quoque
2964 5260 3335 5315 sacerdotibus
3375 5259 3739 5313 commendet

2136 5352 2409 5424 principes
2470 5353 2779 5418 honorare;
2835 5353 2914 5407 sic
2967 5352 3127 5408 ctiam
3176 5366 3299 5407 cum
3355 5349 3552 5406 Paulus
3604 5348 3739 5419 ejus

2206 5715 2224 5745 ⁸
2260 5714 2400 5766 idem
2430 5712 2573 5779 eod.,
2609 5713 2831 5778 conﬁde.

2144 5788 2151 5791 ’
2211 5786 2231 5833 δ
2258 5786 2397 5840 idem
2426 5784 2573 5849 cod"
2604 5785 2911 5852 injuttctttm.
