3998 6202
292 335 399 392 8ίὸ

1168 346 1307 403 PRO
1348 344 1777 403 DEFENSiONE
1816 343 2028 400 τιιιυιι
2071 343 2387 402 (ΞΑΡιῖυιι.
2431 344 2562 401 LIB.
2595 345 2707 401 ΧΗ.

3455 340 3555 396 841

292 461 637 532 mapostolus
689 461 1006 519 Christianis
1062 466 1313 522 omnibus
1384 467 1581 537 legitur
1646 467 1831 521 dire-ns
1858 483 1868 516 :
1900 467 1954 526 Α
1982 473 2103 518 runt
2130 463 2452 519 orthodoxi?
2480 479 2549 519 an
2579 463 2843 518 habebant
2875 463 3090 533 quidem
3134 463 3369 521 divinam
3416 480 3564 521 com~

290 554 505 609 ()bedite
526 553 814 625 prwposilis
835 554 1031 622 uestris,
1060 566 1107 608 et
1142 557 1400 628 subjacete
1429 561 1535 622 eis;
1578 556 1604 609 Ι
1613 557 1692 627 psi
1742 557 1876 608 enim

290 644 597 719 pervigilant
636 646 785 715 quasi
831 648 1083 701 rationem
1127 648 1379 703 reddituri
1436 664 1530 717 pro
1603 650 1875 702 animabus

289 740 502 801 vestris;
528 744 585 789 ut
610 752 721 790 cum
748 737 939 806 gaudio
968 739 1061 791 hoc
1092 738 1308 806 ﬁniant,
1342 754 1443 792 non
1466 747 1716 809 gementes
1740 754 1759 791 :
1784 738 1877 791 hoc

290 828 426 881 enim
458 845 556 880 non
583 830 789 894 expedit
824 829 961 883 vobis
991 828 1182 899 (Hebr.
1222 844 1342 895 χιιι,
1380 830 1490 899 17),
1518 845 1623 884 non
1672 840 1876 885 tantum

292 918 521 987 plebeia:
548 918 898 987 multitudini,
921 919 1233 988 nequesulis
1258 920 1590 988 proceribus,
1621 919 1715 975 sed
1744 921 1879 989 ipsis

289 1023 505 1079 quoque
534 1011 748 1078 regibus
769 1008 1120 1065 demandatus
1145 1018 1202 1064 ιιι
1222 1008 1478 1066 obediant
1494 1019 1550 1066 et
1568 1011 1881 1081 subjaceant

294 1103 597 1173 prapositis
629 1102 882 1158 Ecclesia:
911 1100 1137 1168 Christi.
1169 1116 1401 1173 suasque
1446 1104 1657 1159 animas
1702 1117 1881 1160 sacerq-

293 1196 478 1256 dotmn
512 1195 705 1249 rationi
732 1195 1054 1251 commissas
1084 1195 1403 1266 intelligant,
1435 1196 1483 1252 si
1513 1212 1619 1252 non
1652 1196 1882 1252 inaniter

292 1289 588 1357 iunguntur
618 1288 835 1342 nomine
863 1286 1190 1343 Christiano.
1227 1288 1453 1358 ideoque
1481 1288 1752 1345 nemiuem
1795 1304 1882 1344 sa-

290 1380 570 1434 cerdotum
614 1379 948 1446 premebant,
996 1387 1053 1433 ut
1082 1394 1203 1434 cum
1242 1380 1437 1449 gaudio
1477 1380 1717 1435 facerent
1760 1394 1882 1433 om-

294 1470 403 1534 nia,
424 1480 605 1525 etnon
633 1478 931 1539 gementes,
959 1472 1215 1541 quoniam
1244 1474 1346 1527 hoc
1373 1471 1473 1526 sibi
1498 1487 1603 1525 non
1629 1473 1882 1539 expedire

293 1562 551 1631 Apostolo
601 1562 927 1617 admonente
976 1561 1287 1618 credebant.
1323 1560 1452 1617 lude
1485 1573 1565 1618 est
1594 1564 1739 1632 quod
1788 1578 1884 1617 eo-

292 1652 538 1709 rumdem
578 1651 918 1708 sacerdotum
949 1652 1179 1708 decretis
1210 1652 1369 1707 modo
1413 1663 1731 1722 premuntur
1775 1653 1882 1707 Ιιευο

292 1745 467 1813 retici,
498 1744 621 1815 quia
647 1744 747 1814 ipsi
778 1760 806 1799 a
829 1744 1022 1815 quibus
1054 1744 1345 1803 constituta
1398 1756 1523 1803 sunt
1567 1762 1673 1801 non
1713 1746 1883 1805 Oileu-

290 1839 489 1896 duntut'
513 1841 529 1872 ‘
552 1840 819 1911 oppressi.

910 1947 1139 2006 CdPUT
1181 1950 1269 2005 lii.

296 2066 446 2133 Quod
493 2066 634 2125 Zeno
665 2067 943 2134 imperator
986 2067 1048 2119 de
1089 2067 1238 2119 rebus
1280 2066 1400 2131 ﬁdei
1439 2067 1713 2119 decernere
1754 2082 1887 2134 prm-

368 2154 589 2202 snmens,
646 2136 922 2191 Ecclesium
957 2138 1196 2190 diuturno
1225 2145 1271 2190 et
1299 2138 1438 2207 gravi
1466 2138 1743 2193 schismate
1778 2148 1886 2191 tur-

374 2211 530 2262 bat'it.

370 2300 443 2354 Ea
476 2313 605 2353 vero
644 2313 766 2367 quae
799 2307 981 2369 postea
1008 2297 1155 2354 Zeno
1186 2297 1274 2364 imi
1295 2306 1474 2353 crater
1491 2307 1537 2363 ⁸,
1569 2300 1772 2353 calcata
1803 2314 1888 2353 rc-

296 2394 532 2450 verentia
565 2391 773 2448 ordinis
804 2391 919 2457 Del,
960 2406 1058 2460 pro
1097 2406 1197 2445 suo
1235 2390 1460 2445 arbitrio
1506 2404 1570 2445 ac
1621 2400 1886 2459 potestate

294 2483 557 2550 decrevit,
587 2483 707 2553 quis
735 2482 1000 2552 accipiat?
1032 2482 1162 2549 Quis
1188 2481 1433 2537 attendat
1465 2483 1517 2537 in
1560 2481 1755 2551 quibus
1794 2496 1886 2551 po-

297 2586 460 2633 testas
506 2573 902 2630 iuconsiderata
941 2590 1046 2627 non
1090 2573 1232 2644 quod
1283 2573 1590 2642 expediret,
1635 2573 1730 2629 sed
1782 2572 1887 2627 sibi

295 2672 503 2735 liceret,
535 2668 798 2737 attendit,
836 2681 935 2722 nec
980 2667 1245 2723 intellexit
1282 2667 1428 2737 quod
1478 2680 1587 2721 non
1641 2664 1888 2721 conlusio

297 2761 458 2817 faciat
506 2760 799 2819 unitatem?
844 2758 975 2814 Nam
1025 2757 1073 2813 si
1124 2758 1298 2813 unitas
1346 2773 1450 2813 non
1509 2758 1887 2813 hrcrcticoruut

295 2851 673 2916 conversione,
698 2847 792 2903 sed
820 2849 1070 2918 contagio
1106 2856 1164 2903 et
1207 2846 1592 2904 commixtioiie
1621 2847 1886 2902 iacienda

297 2949 404 3003 est,
434 2955 532 2997 cur
558 2941 813 3011 Acephali
846 2950 1073 3007 unitum,
1125 2950 1180 2996 et
1232 2954 1339 2995 non
1384 2955 1574 2997 omnes
1625 2940 1883 3005 haeretici,

298 3032 712 3086 admitterentur
737 3032 787 3093 in
820 3030 1115 3086 Ecclesiam
1146 3031 1259 3086 suis
1280 3031 1557 3086 erroribus
1579 3032 1599 3062 ¹
1629 3047 1735 3086 non
1763 3038 1888 3086 ante

299 3123 584 3187 damnatis,
610 3138 783 3192 neque
804 3121 1031 3191 receptis
1062 3121 1460 3178 definitionibus
1486 3136 1606 3192 quae
1632 3122 1889 3179 adversus

1978 556 2417 623 municationem,
2441 556 2535 611 sed
2563 572 2718 610 unam
2738 572 2860 611 cum
2886 556 3123 611 Ecclesia
3146 573 3251 611 non
3273 557 3567 615 habebant!

1980 647 2194 717 Ergone
2225 657 2450 716 possunt
2477 648 2595 701 duae
2639 646 2836 701 divinze
2882 646 3395 702 connnunicationes
3443 664 3567 703 esse

1980 737 2364 793 dissentientes
2402 737 2468 791 ad
2510 738 2739 792 invicem
2777 737 2985 806 sibique
3032 739 3354 793 contrariae?
3381 739 3487 794 Sed
3520 742 3563 793 si

1981 844 2120 884 unus
2150 839 2233 885 est
2262 829 2402 883 Deus
2432 828 2666 884 Zenonis
2684 827 2727 893 ⁸,
2754 842 2856 881 una
2886 837 2968 881 est
2995 835 3049 883 et
3068 828 3245 881 divina
3273 831 3589 893 communi-v

1981 922 2141 976 catio.
2164 920 2316 987 Quod
2341 922 2383 974 si
2407 921 2527 974 duae
2555 929 2607 974 et
2633 934 2665 974 a
2696 934 2755 975 sc
2785 920 3166 975 dissentientes
3197 922 3389 975 divinm
3412 935 3567 975 eoin-

1983 1012 2373 1067 municationes
2400 1010 2671 1076 dicuntur,
2692 1011 3033 1080 ccuscquitur
3058 1020 3114 1065 ut
3131 1026 3235 1065 non
3261 1011 3437 1066 solum
3462 1010 3569 1065 duo

1983 1120 2106 1161 esse
2127 1106 2222 1172 dii,
2239 1105 2333 1160 sed
2363 1106 2430 1159 ab
2456 1104 2682 1158 invicem
2704 1118 2919 1173 quoque
2944 1103 3231 1159 dissentire
3255 1106 3566 1160 credantur.

1985 1195 2054 1250 Et
2079 1196 2204 1265 quid
2237 1194 2361 1249 mali
2394 1208 2498 1248 non
2523 1194 2550 1232 δ
2583 1197 2855 1263 Augustus
2889 1195 3056 1264 prima
3084 1204 3323 1265 potestas
3363 1196 3568 1261 saeculi,

1984 1302 2107 1343 cum
2136 1294 2189 1342 te
2216 1302 2321 1341 non
2344 1288 2586 1356 cogitans
2615 1286 2815 1340 divina:
2842 1286 3114 1340 subditam
3144 1286 3419 1354 potestati,
3467 1298 3570 1341 lcr-

1985 1379 2160 1433 minos
2189 1378 2281 1432 tibi
2309 1379 2555 1447 przelixos
2577 1376 2910 1433 excesseris?
2929 1375 3269 1432 Ortbodoxos
3290 1379 3569 1447 appellans

1985 1474 2054 1527 ab
2104 1471 2343 1526 Ecclesia
2395 1471 2487 1526 Dei
2547 1472 2957 1537 dissentientes,
3004 1481 3059 1524 et
3107 1470 3331 1525 alterius
3377 1470 3571 1527 divinat

1986 1567 2486 1620 communicationis
2525 1565 2663 1619 dicis
2697 1579 2819 1619 esse
2867 1564 3175 1633 participes.
3205 1564 3335 1630 Qum
3382 1564 3426 1618 si
3472 1566 3572 1620 hoc

1988 1659 2184 1726 ipsum,
2218 1659 2361 1729 quod
2395 1658 2486 1713 tibi
2536 1659 2714 1714 omnia
2762 1658 2952 1724 licent,
2981 1658 3253 1712 caminum
3294 1672 3417 1713 esse
3470 1669 3573 1714 tuai

1988 1750 2321 1818 probationis
2358 1748 2705 1818 intelligercs,
2759 1749 2922 1802 etiam
2976 1748 3146 1817 ipsius
3176 1763 3430 1819 purpurae
3467 1766 3572 1818 qua

1919 1853 1963 1911 Β
1992 1843 2203 1895 vestiris
2231 1841 2436 1910 specie,
2462 1842 2512 1895 id
2541 1850 2623 1895 est
2650 1840 2832 1896 colore
2858 1853 3075 1909 semper
3100 1839 3397 1905 admonita,
3425 1841 3573 1899 velut

1989 1932 2042 1989 in
2074 1933 2254 1988 medio
2284 1933 2517 1988 “anima:
2565 1942 2615 1986 te
2653 1931 2905 1989 crederes
2953 1934 3325 1987 constitutam.
3376 1931 3572 1987 ltermn

1990 2038 2119 2079 vero
2159 2022 2288 2081 dicit
2324 2040 2340 2077 :
2386 2042 2406 2077 ι
2440 2023 2642 2101 Sancta
2676 2023 2821 2079 enim
2870 2032 3044 2078 mater
3089 2032 3276 2078 nostra
3330 2023 3574 2079 Ecclesia

1988 2115 2129 2171 sicut
2151 2114 2399 2184 preprios
2422 2115 2562 2171 filios
2587 2131 2683 2171 vos
2709 2117 2952 2186 suscipit,
3002 2118 3389 2187 amplectimini
3426 2133 3567 2175 eam.

1990 2206 2271 2263 Desiderat
2294 2205 2440 2262 enim
2466 2218 2582 2275 p051
2611 2206 2830 2282 longum
2863 2216 3070 2277 tempus
3095 2208 3307 2264 dulcem
3336 2219 3573 2265 vestram

1991 2310 2176 2352 vocem
2206 2296 2414 2353 audire.
2447 2296 2679 2367 Adjicite
2719 2312 2816 2353 vos
2853 2314 2983 2370 ergo
3024 2298 3124 2354 illi.
3161 2318 3182 2352 ι
3233 2299 3353 2367 Quo
3400 2299 3574 2356 fructu

1990 2406 2121 2463 rogo
2150 2392 2545 2461 amplectantur
2577 2391 2912 2447 Ecclesiam?
2939 2408 3047 2463 quo
3073 2394 3245 2447 fructu
3268 2408 3329 2449 se
3356 2393 3433 2449 illi
3476 2397 3543 2450 ad
3561 2426 3574 2435 -

1985 2484 2195 2554 jiciant,
2222 2498 2344 2540 cum
2369 2493 2423 2540 et
2443 2485 2512 2539 ab
2540 2499 2603 2543 ca
2630 2495 2941 2555 segregatos
2970 2496 3122 2543 vocet
3144 2487 3494 2549 orthodoxae,
3522 2497 3576 2545 ct

1991 2576 2186 2631 divinae
2212 2577 2713 2631 communicationis
2752 2577 3040 2647 participes
3066 2592 3191 2635 esse
3221 2578 3441 2632 credat?
3465 2580 3574 2633 Sed

1990 2667 2115 2736 quid
2163 2667 2336 2721 adhuc
2380 2676 2619 2737 potestas
2666 2668 2935 2722 mundam
2978 2668 3080 2737 sibi
3131 2677 3187 2723 et
3238 2683 3344 2725 non
3383 2668 3577 2728 rationi

1992 2758 2268 2813 ceniidens
2296 2770 2418 2827 agat
2443 2758 2692 2827 accipite.
2717 2758 2848 2812 Nam
2877 2761 3064 2814 volens
3096 2758 3301 2815 eisdem
3332 2759 3573 2815 Semicu-

1995 2849 2262 2921 tycbianis
2284 2847 2620 2914 satisfacere,
2651 2850 2700 2902 in
2735 2849 2836 2903 hoc
2863 2849 3043 2904 edicto
3083 2849 3243 2903 ﬁdem
3284 2864 3437 2904 suam
3482 2863 3577 2903 ex-

1994 2945 2193 3013 posuit,
2222 2943 2482 3012 prolitens
2507 2940 2649 3010 quod
2688 2941 2985 3004 Nicetium,
3024 2939 3576 3010 Constantinopolita-

1994 3054 2143 3103 num,
2175 3035 2500 3106 Eplicsinum
2524 3032 2811 3088 concilium
2838 3032 3166 3100 susciperet;
3192 3041 3376 3087 tacens
3396 3042 3574 3087 autem

1993 3133 2061 3186 de
2111 3126 2565 3193 Chalcedonensi,
2615 3134 2672 3179 ct
2717 3124 2942 3183 duarum
2984 3122 3187 3177 Christi
3260 3133 3573 3181 naturarum

298 3226 513 3271 errores
566 3228 757 3267 eorum
798 3214 1104 3268 constitutae
1140 3214 1307 3267 sunt?
1341 3213 1643 3268 Exhortaus
1682 3214 1878 3283 quippe

1994 3223 2379 3298 professionem
2410 3217 2681 3286 refugiens
2707 3232 2718 3267 :
2752 3214 2905 3283 quasi
2936 3230 3041 3269 non
3069 3214 3309 3273 antidoto
3340 3217 3573 3269 sanandi

297 3314 623 3365 memoratos
657 3304 958 3375 Acepbalos
1011 3305 1079 3361 ad
1120 3305 1419 3360 Ecclesiam
1462 3306 1657 3361 reverti
1707 3307 1885 3375 priore

299 3400 418 3451 loco
441 3400 521 3452 sic
546 3396 713 3451 dicit:
750 3414 769 3447 ι
804 3394 1021 3452 Flavius
1062 3396 1211 3453 Zeno
1260 3396 1399 3466 pius,
1447 3397 1637 3463 victor,
1690 3398 1883 3452 trium-

298 3494 512 3561 phatur,
545 3491 813 3548 maximus
839 3505 1055 3561 semper
1095 3490 1368 3560 Augustus
1411 3490 1728 3547 orthodoxis
1768 3492 1884 3558 epi-

296 3587 497 3657 sc0pis,
528 3584 966 3643 archimandritis
1005 3594 1060 3641 et
1095 3584 1325 3655 populis,
1356 3600 1452 3654 per
1479 3584 1884 3653 Alexandriam,

299 3691 352 3738 et
380 3696 477 3751 per
505 3680 823 3752 Egyptum,
853 3692 907 3736 ct
935 3679 1292 3750 Pentapolim,
1340 3689 1395 3735 et
1430 3678 1651 3750 Libyam
1681 3681 1887 3736 consti-

296 3773 448 3828 tutis.
485 3794 505 3826 ›
530 3758 596 3828 Et
620 3780 899 3842 postquam
923 3785 1016 3826 eos
1040 3770 1247 3826 vocavit
1268 3770 1620 3837 orthodoxos,
1651 3784 1890 3825 commo-

298 3871 390 3917 uet
418 3872 479 3917 ut
514 3863 787 3917 sociemur
827 3862 1102 3927 Ecclesiae,
1154 3860 1335 3917 dicens
1371 3879 1382 3915 :
1434 3878 1452 3912 ι
1490 3859 1887 3930 Coujnngimini

300 3956 472 4025 igitur,
489 3956 643 4009 matri
674 3953 904 4022 spiritali
948 3951 1223 4019 Ecclesiae,
1259 3962 1317 4009 ut
1364 3968 1467 4010 una
1504 3953 1682 4009 divina
1732 3970 1888 4011 com-

300 4046 664 4101 municatione
689 4044 962 4099 fruumini.
999 4063 1018 4095 ι
1050 4044 1095 4098 0
1126 4046 1297 4099 virum
1345 4045 1663 4113 prudentem
1705 4055 1760 4101 ct
1791 4062 1890 4103 utt-

302 4140 462 4209 dique
491 4136 959 4207 circumspectum,
989 4139 1079 4205 qui
1102 4137 1360 4193 incubare
1390 4139 1733 4208 prmsumpsit
1772 4138 1893 4194 oili-

302 4235 386 4286 cio
439 4230 816 4286 saccrdoaum!
868 4230 1210 4285 Orthodoxos
1265 4238 1419 4283 vocat
1469 4230 1796 4298 Acephalos,
1846 4231 1892 4286 si

303 4326 438 4380 nihil
478 4323 641 4389 aliud,
691 4324 759 4378 ab
805 4322 1042 4378 Ecclesia
1083 4330 1382 4390 Separatos.
1428 4322 1537 4376 Cur
1585 4323 1745 4391 igitur
1796 4337 1894 4379 eos

305 4419 551 4473 hortatur
580 4428 637 4474 ut
678 4416 1069 4486 coniungantur
1118 4405 1277 4468 matri
1325 4413 1574 4482 spiritali,
1630 4415 1674 4469 si
1718 4430 1785 4469 cx
1831 4429 1893 4470 ea

305 4509 555 4579 disjuncti
578 4516 992 4579 permanserunt
1036 4504 1370 4561 orthodoxi?
1407 4505 1476 4561 Ut
1525 4520 1650 4571 una,
1699 4507 1888 4576 inquit,

1988 3320 2098 3375 sint
2125 3314 2389 3375 morbidi,
2418 3311 2511 3366 sed
2545 3309 2612 3363 ad
2643 3308 2867 3363 aliorum
2909 3308 3215 3377 contagium
3263 3306 3577 3376 colligendi.

1986 3409 2231 3476 Cumque
2259 3403 2517 3470 scriptum
2545 3400 2646 3454 sit:
2680 3396 2942 3467 Loquebar
2972 3399 3026 3450 iu
3053 3399 3356 3452 testimoniis
3384 3398 3485 3451 tuis
3525 3398 3580 3453 in

1990 3506 2263 3566 conspectu
2284 3510 2476 3565 regum,
2496 3502 2544 3547 et
2565 3507 2665 3546 non
2688 3491 3036 3559 confundebar
3061 3488 3234 3560 (Psal.
3258 3504 3441 3553 cxvnt,
3462 3490 3581 3560 46),

1992 3606 2087 3647 rex
2116 3587 2548 3645 confundcbatnr
2589 3582 2642 3636 in
2680 3592 2972 3650 conspectu
3025 3581 3390 3651 subjectorum
3433 3581 3580 3650 loqui

1990 3684 2134 3755 quod
2179 3696 2365 3735 verum
2415 3686 2519 3733 est.
2566 3676 2679 3730 lloc
2719 3673 3025 3729 merebatur
3057 3674 3126 3728 de
3164 3674 3371 3742 iustitia
3401 3673 3581 3728 divina

1993 3775 2088 3830 Dei
2113 3778 2475 3839 contemptor,
2504 3774 2562 3821 ut
2586 3766 2676 3836 qui
2707 3762 2827 3834 ejus
2854 3764 3031 3818 ordini
3062 3765 3308 3819 subditus
3340 3779 3461 3817 esse
3489 3780 3583 3817 no-

1995 3867 2115 3932 luit,
2142 3863 2387 3920 subditos
2416 3865 2714 3914 vereretur.
2744 3856 2844 3923 Qui
2871 3855 3029 3910 etiam
3052 3853 3194 3909 aliud
3223 3855 3458 3909 deterius
3484 3854 3584 3909 ad-

1993 3960 2126 4015 dens
2152 3958 2251 4021 ait,
2283 3975 2301 4005 t
2331 3952 2475 4025 quod
2501 3959 2700 4006 sanctae
2731 3962 2851 4018 quae
2871 3946 3067 4015 ubique
3099 3954 3283 4000 essent
3307 3943 3585 4001 catholica:

1996 4050 2273 4113 Ecclesize,
2303 4056 2357 4102 et
2387 4045 2475 4115 qui
2507 4045 2587 4099 eis
2616 4047 2913 4109 praesseut
2951 4038 3063 4092 Deo
3096 4037 3358 4092 amabiles
3401 4052 3586 4093 sacer-

1994 4144 2151 4198 dotes
2219 4154 2323 4195 nou
2370 4136 2528 4190 aliter
2575 4132 2877 4187 crederent.
2913 4147 2932 4182 ι
2964 4129 3125 4196 Quasi
3166 4129 3404 4183 omnium
3450 4128 3586 4184 ﬁdes

1996 4220 2361 4287 Ecclesiaru'm
2389 4241 2465 4285 ex.
2490 4225 2606 4293 ejus
2648 4208 2948 4277 voluntate.
2968 4221 3256 4289 penderet,
3290 4231 3344 4275 et
3379 4221 3586 4275 nemini

1996 4324 2187 4378 liceret
2237 4320 2397 4374 aliter
2444 4319 2666 4372 credere
2708 4329 2869 4384 quam
2898 4314 3218 4383 praeciperet
3271 4318 3585 4383 imperator.

1996 4412 2245 4477 Videbat,
2287 4421 2347 4464 ut
2384 4405 2644 4472 arbitror,
2681 4405 2943 4473 quosdam
2983 4404 3223 4472 timidos,
3270 4406 3353 4458 vel
3405 4418 3587 4459 rerum

1999 4502 2375 4574 temporalium
2398 4499 2643 4569 cupidos,
2689 4496 2790 4552 sibi
2825 4495 3025 4563 favere,
3050 4506 3108 4552 et
3132 4511 3199 4551 ex
3226 4496 3333 4550 illis
3358 4503 3586 4550 caeteros

307 4600 489 4659 divina
518 4598 1005 4653 communicatione
1046 4596 1319 4651 fruamini.
1349 4595 1599 4665 Nunquid
1649 4597 1767 4651 sine
1805 4596 1891 4651 di-
1923 4610 1969 4668 ι)
1998 4596 2333 4653 mstimabat:
2367 4590 2560 4660 quibus
2591 4590 2690 4644 etsi
2724 4601 2908 4642 vocem
2938 4587 3377 4643 contradictionls
3407 4587 3589 4642 abstu-

306 4693 429 4747 vina
457 4690 945 4747 communicatione
974 4688 1135 4744 iidem
1164 4687 1328 4744 alieni
1352 4687 1375 4719 ⁸
1412 4702 1442 4741 a
1476 4686 1607 4756 Deo,
1651 4688 1737 4742 isti
1779 4687 1890 4745 fue~

380 4878 408 4906 ι
434 4867 669 4922 Zenonis
699 4864 1012 4927 Henoticou,
1045 4862 1157 4916 sive
1180 4862 1471 4927 Unitivum,
1504 4872 1559 4913 ut
1608 4861 1886 4930 Liberatus

306 4939 710 5007 interpretatur,
736 4935 934 4989 editum
959 4935 1024 4987 ad
1053 4932 1464 5007 Alexandrinos,
1494 4931 1649 5001 cujus
1684 4933 1768 5007 hic
1799 4946 1891 5007 ca-

311 5014 421 5080 pita
459 5002 709 5080 quantum
761 5007 1121 5080 excutiuntur,
1177 5004 1363 5080 Grmce
1406 5002 1668 5080 integrum
1731 5004 1892 5080 habet

313 5073 571 5147 Evagrius
604 5077 709 5147 lib.
733 5091 789 5129 ιιι
822 5074 1087 5142 Historiae,
1120 5089 1240 5147 cap.
1266 5073 1384 5147 24;
1419 5074 1656 5147 Latinam
1687 5073 1890 5147 versit):

316 5142 452 5204 ncm'
468 5149 625 5203 aliam
657 5146 936 5202 Liberatus
972 5158 1092 5212 cap.
1141 5145 1228 5199 i8.
1262 5145 1404 5198 Idem
1446 5142 1561 5212 ejus
1615 5142 1886 5197 scribendi

312 5228 585 5274 auctorem
612 5217 812 5271 Zenoni
840 5214 1090 5270 Acacium
1125 5216 1288 5268 fuis~e
1336 5214 1496 5269 tradit
1527 5228 1644 5281 cap.
1683 5214 1782 5275 17;
1827 5214 1895 5268 ab

314 5291 509 5345 Acacio
572 5291 689 5356 ipso
740 5289 995 5341 dictatum
1059 5286 1314 5356 quosdam
1368 5287 1897 5356 alllrmasscnurrat

313 5355 671 5428 Theophanes
724 5360 778 5412 in
810 5357 1097 5411 Chronico.
1126 5355 1269 5419 Τότε,
1302 5356 1489 5428 inquit,
1532 5359 1618 5428 atati
1666 5355 1892 5408 ἔνωτικόν

316 5425 519 5489 imissa:
535 5434 719 5493 Ζήνων,
731 5433 816 5483 καὶ
826 5433 1102 5499 πανταχοῦ
1124 5426 1422 5498 ἐξέπεμψεν,
1437 5425 1783 5499 ἀπὸἈκακίρυ
1797 5432 1896 5478 τῶν

319 5500 888 5572 κωνσταντινουπὸλιῳς
911 5496 1278 5572 ὐπᾴῖγοριυθέγζ
1305 5496 1373 5559 ὥς
1398 5499 1522 5570 φασὶ
1546 5516 1693 5556 τινες.
1719 5496 1897 5572 lieno-

322 5574 427 5627 tico
457 5579 674 5640 recepto
700 5571 906 5625 confusi
942 5566 1173 5639 primum
1193 5566 1528 5625 Alexandria:
1553 5583 1675 5624 cum
1719 5566 1892 5619 haere-

396 5763 408 5792 '
444 5761 577 5816 Cod.
614 5761 835 5821 Veron.,
861 5759 1215 5814 ostenduntur.

394 5835 413 5865 '
449 5836 589 5889 idem
617 5831 760 5899 cod.,
793 5831 1091 5887 Itazresibus.

1999 4687 2153 4754 lerat,
2198 4685 2438 4738 animum
2472 4688 2619 4737 certe
2665 4686 2874 4733 mutare
2918 4692 3025 4733 non
3066 4679 3257 4746 potuit.
3296 4678 3408 4733 Nec
3447 4678 3589 4731 enim

2000 4860 2121 4916 ticis
2150 4856 2470 4921 orthodoxi;
2497 4863 2605 4908 tum
2636 4853 2830 4909 eximie
2863 4852 3326 4919 (ῖοηειιιιιιὶηοροιῖ
3377 4861 3431 4906 ct
3477 4853 3587 4905 Au-

1999 4932 2235 4990 tiochize,
2266 4943 2329 4981 ac
2359 4939 2469 4980 toto
2495 4927 2709 4980 demmn
2741 4927 2964 4979 Uticnte
2994 4924 3139 4977 labes
3161 4924 3348 4976 eadem
3380 4933 3585 4973 scruta.

2003 5004 2182 5057 Victor
2211 4998 2545 5054 Tonoueusis
2576 5013 2589 5050 :
2617 4996 2685 5049 P.
2714 4994 2776 5050 ϐ.
2810 4995 3111 5049 Theudorici
3144 4993 3208 5045 γ.
3231 4992 3288 5043 C.
3316 4992 3588 5045 orientales

1999 5072 2242 5143 episcopi,
2271 5080 2455 5140 praeter
2477 5083 2690 5135 paucos,
2716 5058 3161 5143 per‘llerr‘oticum.
3185 5061 3404 5143 Zeno-nis
3422 5131 3432 5142 ι
3451 5077 3588 5143 cont-

1998 5130 2241 5197 n'runio'ne
2265 5130 2413 5209 atque
2442 5130 2687 5192 consensu
2716 5130 2901 5209 polluti
2925 5134 3065 5185 Petri
3099 5131 3454 5209 Alexandrini,
3484 5130 3588 5183 Pe-

1999 5216 2065 5266 tri
2094 5202 2414 5275 Antioc’heni,
2450 5219 2496 5263 et
2521 5209 2696 5260 Acacii
2718 5202 3289 5275 Coustantinopotitgni
3329 5202 3589 5271 episcopo-

1997 5300 2132 5347 rum,
2167 5282 2364 5353 synodo
2401 5271 2806 5353 Utalcedonensi
2848 5276 3166 5353 renuntiant.
3197 5271 3272 5327 De
3313 5275 3435 5353 hoc_
3463 5274 3587 5330 item

2002 5344 2284 5409 Facundus
2324 5358 2511 5405 contra
2557 5347 2847 5401 Mutianum
2877 5362 2891 5398 :
2921 5344 3059 5398 Zeno
3098 5345 3379 5414 imperator
3417 5344 3587 5411 ipsum

2001 5425 2273 5479 concilium
2293 5420 2618 5491 promulgata
2646 5418 2833 5486 sprevit
2866 5415 3051 5470 edicto.

2074 5495 2100 5534 ι)
2128 5496 2306 5558 Forte,
2337 5491 2468 5561 agis.

2090 5746 2110 5777 ³
2142 5745 2282 5799 Idem
2314 5743 2459 5807 cod.,
2490 5743 2541 5795 id
2568 5752 2640 5796 est
2670 5740 2843 5795 alieni.

2080 5817 2101 5848 ⁵
2132 5816 2187 5871 in
2217 5815 2405 5871 eodem
2436 5814 2553 5869 cod.
2594 5814 2747 5869 dccSt
2776 5810 3015 5871 Zenonis.
