3998 6194
429 343 530 398 847

1496 336 1796 393 FACUNDI
1839 334 2051 392 EPISC.
2089 333 2588 392 llERMlANENSS

3603 334 3702 392 848

427 456 658 528 amplius
703 453 900 525 aliquid
933 451 1112 509 mundi
1148 460 1384 523 potestas
1415 454 1558 510 valet
1602 454 1657 509 in
1702 453 1784 508 his
1829 467 1962 521 quos
1992 469 2022 507 a
2052 458 2099 515 Α
2129 453 2246 525 ipso
2276 465 2505 522 tantum,
2537 462 2592 509 et
2617 466 2786 523 usque
2819 451 2881 505 ad
2914 451 3109 521 ipsum,
3143 448 3275 505 fides
3305 450 3568 507 catholica
3595 462 3707 508 sta-

429 551 596 609 lihera
628 550 746 605 hdci
778 550 1074 604 assertione
1117 551 1428 612 retraxerit,
1465 548 1567 604 nisi
1598 559 1655 604 ut
1684 550 1736 603 in
1777 548 1907 604 illud
1941 549 2023 604 in-

429 643 613 699 cidant
639 641 780 711 quod
812 639 1070 694 Dominus
1102 639 1177 693 ait
1203 655 1216 694 :
1248 638 1352 704 Qui
1375 655 1454 692 me
1478 640 1800 694 crubueritct
1831 655 2023 694 sermo-

427 748 518 791 ues
545 746 699 792 meos,
754 729 888 783 hunc
920 726 1087 782 Filius
1128 729 1346 784 hominis
1387 731 1642 785 erubescet
1678 746 1797 785 cum
1831 731 2021 785 venerit

422 824 472 875 iu
511 826 777 895 majestaIe
813 838 908 876 sua
931 864 943 887 ,
973 831 1021 875 ct
1069 821 1260 884 Patris,
1301 831 1356 876 er
1377 833 1677 876 sanctorum
1723 825 2024 893 angelorum

431 915 583 987 '(Luc.
606 931 682 983 is,
704 914 818 984 :26).
850 914 1071 982 Aliquos
1096 913 1253 983 igitur
1273 912 1395 983 jus‘
1425 913 1710 969 mundanae
1743 915 2025 984 potestatis

434 1005 686 1062 Ecclesia:
720 1005 863 1060 valet
891 1003 1123 1070 auferre,
1155 1004 1358 1059 nullum
1391 1015 1568 1060 tamen
1598 1005 1698 1061 sibi
1721 1006 2022 1074 acquirere.

435 1098 619 1154 Melius
644 1113 771 1166 ergo
802 1108 885 1154 est
916 1109 973 1152 ut
998 1109 1172 1153 semet
1198 1097 1337 1153 intra
1378 1098 1605 1154 limitem
1647 1115 1801 1154 suum
1852 1100 2022 1154 conti-

435 1200 581 1255 neat,
612 1205 769 1260 quem
809 1204 930 1244 cum
970 1187 1383 1260 transgreditur,
1424 1189 1650 1258 perdere
1689 1190 1886 1244 multos
1926 1203 2023 1259 po-

437 1292 560 1347 test,
594 1281 787 1336 lucrari
815 1281 1106 1336 neminem.
1139 1279 1271 1335 Nam
1295 1289 1352 1336 et
1387 1295 1513 1336 suas
1557 1280 1754 1336 habent
1781 1280 2025 1336 ofﬁcinas

437 1372 522 1428 vel
550 1371 786 1427 artifices
834 1371 1012 1425 omnia
1050 1387 1167 1440 qua:
1197 1386 1262 1426 es
1308 1373 1584 1442 proposito
1627 1371 1824 1427 docere
1875 1373 2024 1425 vuu-

437 1477 576 1519 mus.
613 1463 895 1534 Nunquam
925 1463 1065 1518 enim
1091 1474 1158 1518 tte
1189 1465 1425 1519 textrino
1468 1479 1762 1534 personare
1806 1461 2024 1518 incudes

435 1557 759 1623 audivimus,
809 1568 863 1612 et
908 1557 1084 1628 ignem
1130 1557 1239 1612 illic
1285 1558 1338 1612 iu
1389 1557 1696 1614 fornacibus
1743 1559 2020 1613 anhelare.

436 1648 716 1718 Nunquam
763 1651 1124 1719 comperimus
1166 1666 1196 1705 a
1227 1664 1411 1707 sutore
1451 1651 1736 1721 quaesitum
1774 1668 1894 1721 qttte
1940 1667 2026 1706 cu-

433 1740 629 1811 jusque
659 1741 874 1797 fabrica:
904 1741 1221 1812 longitudini
1254 1743 1530 1811 preportio
1569 1743 1867 1796 latitudinis
1894 1757 2024 1797 cou-

2125 559 2225 605 ret.
2259 548 2464 616 Quibus
2486 547 2575 604 ille
2597 547 2883 612 credulus,
2913 543 3235 601 existimavit
3264 559 3358 612 per
3381 546 3709 615 singularem

2125 641 2466 711 sapientiam,
2485 655 2640 710 quam
2664 639 2713 696 ei
2737 649 2932 708 praeter
2955 646 3318 693 assentatores
3342 653 3501 694 nemo
3526 640 3714 695 tribue

2129 744 2245 800 rat,
2278 733 2522 789 invenire
2550 748 2611 788 se
2643 746 2800 802 posse
2847 730 3107 785 rationem
3152 729 3409 784 facienda:
3450 731 3670 786 unitatis
3696 774 3712 797 ,

2125 840 2283 894 quam
2321 825 2494 880 nullus
2516 835 2638 879 ante
2671 839 2767 893 per
2806 833 2884 877 tot
2915 834 3153 892 tempora
3185 822 3418 892 potuerit
3446 822 3712 879 invenire.

2128 916 2372 986 Denique
2399 915 2480 972 sic
2508 915 2561 970 in
2595 924 2891 970 memorato
2915 913 3053 968 dixit
3071 911 3249 968 edicto
3284 930 3298 966 :
3337 931 3355 965 ι
3385 911 3716 985 Coaptemur

2131 1007 2370 1063 membra
2401 1007 2658 1062 membris
2677 1045 2692 1071 ,
2723 1020 2842 1075 qum
2873 1003 3122 1059 inimicus
3143 1004 3268 1059 boni
3289 1019 3356 1060 ex
3382 1006 3549 1060 multo
3575 1017 3716 1062 tem-

2115 1115 2258 1169 pore
2287 1114 2541 1170 separare
2570 1099 2842 1155 festinavit
2875 1115 2884 1150 :
2916 1098 3017 1154 scit
3043 1099 3184 1152 enim
3215 1099 3468 1168 quoniam
3499 1101 3542 1154 si
3575 1103 3718 1157 inte-

2127 1208 2280 1260 grum
2316 1191 2568 1246 Ecclesia:
2614 1204 2696 1245 eo:
2713 1205 2810 1259 pus
2841 1189 3152 1262 impugnet,
3203 1190 3357 1245 facile
3411 1203 3717 1261 superatur.

2133 1286 2206 1337 bis
2227 1282 2326 1336 hac
2347 1297 2478 1352 ergo
2499 1280 2760 1337 divisione
2773 1282 3012 1351 contigit,
3031 1296 3127 1350 per
3149 1291 3323 1336 tantas
3344 1283 3722 1353 generationes

2118 1383 2399 1430 tantorum
2429 1388 2692 1428 annorum
2720 1413 2734 1437 ,
2782 1383 2841 1427 ut
2869 1374 2955 1427 alii
2985 1373 3202 1443 quidem
3254 1373 3466 1430 lavacro
3497 1391 3718 1445 regene-

2130 1467 2350 1522 rationis
2380 1466 2606 1521 fraudati
2640 1466 2707 1519 tle
2740 1464 2839 1520 hac
2857 1465 2958 1519 vita
2983 1463 3344 1528 discederent,
3373 1485 3389 1516 ι
3427 1475 3718 1521 etcmtera.

2127 1559 2279 1626 Quod
2311 1558 2709 1613 consentiamus
2745 1555 3113 1626 prmdicationi
3143 1557 3396 1626 potentisc
3417 1558 3715 1621 sa-cttlaris,

2128 1669 2246 1724 qua:
2277 1661 2402 1722 post
2433 1660 2604 1705 tantas
2653 1648 3025 1719 generationes
3055 1690 3068 1714 ,
3100 1648 3334 1703 fallendo
3376 1651 3459 1703 vel
3493 1650 3721 1704 tacendo

2129 1745 2272 1817 quod
2300 1757 2485 1799 verum
2514 1752 2620 1808 est,
2661 1740 2836 1796 facere
2886 1753 2944 1795 se
2975 1755 3131 1809 posse
3159 1740 3388 1795 credidit
3411 1741 3674 1795 unitatem
3697 1759 3721 1805 ·;

436 1835 669 1900 veniret,
717 1844 772 1890 et
817 1847 1013 1904 quanta
1072 1834 1350 1904 utriusque
1407 1846 1728 1905 congrueret
1777 1834 2020 1889 altitudo.
2058 1828 2100 1887 Β
2131 1836 2371 1890 dicemus
2392 1833 2554 1890 etiam
2588 1848 2719 1899 nos,
2750 1831 2893 1901 quod
2921 1831 3022 1887 nisi
3067 1833 3334 1902 aggregati
3364 1833 3532 1888 simus
3560 1834 3722 1904 Euty-

435 1928 700 1994 Quouiaiu
733 1927 814 1982 illi
842 1930 860 1959 ³
892 1928 1096 1998 integre
1138 1928 1278 1983 scire
1326 1938 1570 1997 possunt,
1614 1929 1704 1998 qui
1751 1928 1820 1982 ab
1863 1927 2030 1997 ipsius

434 2019 567 2074 artis
591 2030 713 2075 sunt
744 2021 1166 2089 prmccptorihus
1199 2020 1448 2074 instituti.
1477 2020 1622 2075 Sola:
1647 2019 1698 2074 itt
1721 2030 2030 2089 comemptu

438 2120 563 2174 sunt
591 2111 786 2167 divina
818 2111 1032 2177 litterae,
1063 2129 1182 2181 qua:
1215 2126 1310 2166 nec
1334 2127 1493 2166 suam
1525 2113 1762 2168 scholam
1799 2127 1898 2167 nec
1920 2129 2032 2168 ma-

437 2202 635 2272 gistros
666 2204 918 2268 habeant,
942 2214 996 2258 et
1024 2203 1090 2258 dc
1111 2204 1303 2272 quibus
1335 2202 1657 2272 peritissime
1673 2203 1946 2275 diSputare
1971 2218 2032 2259 se

439 2299 624 2353 credat
667 2299 756 2368 qui
819 2314 1092 2368 nunquam
1145 2297 1354 2352 didicit.
1430 2297 1632 2352 Deinde
1678 2311 1800 2352 eum
1853 2297 2030 2365 palatii

437 2404 616 2445 causa:
639 2389 1072 2445 transferantur3
1103 2389 1168 2443 ad
1198 2390 1510 2452 Ecclesium,
1541 2389 1810 2457 quomodo
1843 2389 2032 2443 Hrcle--

441 2483 536 2535 size
564 2494 781 2537 causam
807 2479 874 2535 ad
906 2480 1157 2548 palatium
1183 2478 1569 2534 transiere-hat?
1599 2479 1876 2533 l‘ostremo
1900 2493 2034 2531 nun-

440 2571 569 2641 quid
621 2571 729 2642 jam
768 2569 1052 2626 domuerat
1094 2569 1176 2624 vel
1234 2578 1521 2638 pacaverat
1560 2581 1752 2622 omnes
1793 2567 2032 2623 infensas

439 2664 764 2734 reipublicm.
786 2663 1040 2719 barbaras
1073 2661 1348 2716 nationes?
1375 2659 1482 2730 jam
1515 2673 1610 2729 per
1649 2659 1889 2714 diversas
1935 2659 2030 2714 int-

442 2754 578 2825 perii
607 2754 690 2810 sui
721 2753 1024 2823 provincias
1053 2751 1352 2807 seditiones
1373 2765 1437 2806 ac
1474 2750 1802 2806 seditionum
1839 2765 2030 2806 causas

439 2845 771 2903 abstulerat?
817 2841 928 2912 jam
970 2843 1178 2898 cunctis
1224 2841 1581 2897 criminalium
1625 2843 1745 2898 sive
1795 2843 2031 2898 civilium

439 2949 721 2988 causarum
749 2932 986 3002 querelis
1008 2933 1418 2988 convenientem
1438 2932 1664 2988 dederat
1685 2932 1844 2989 linem
1860 2934 1883 2989 ‘l
1898 2935 2030 2989 Cum

440 3026 601 3098 igitur
627 3026 712 3082 lus
735 3040 838 3082 neu
863 3024 1156 3092 sufficeret,
1181 3026 1374 3096 quibus
1391 3040 1550 3082 nemo
1567 3026 1814 3082 sufficere
1836 3035 2030 3096 potest,

439 3121 731 3192 quomodo,
751 3120 794 3176 si
816 3121 1076 3192 cogitaret
1103 3131 1248 3176 tanta
1271 3120 1372 3176 loci
1394 3121 1476 3175 sui
1493 3120 1748 3190 pericula,
1771 3121 1904 3176 etde
1925 3136 2033 3176 om-

2134 1928 2364 1996 chiauis,
2391 1929 2654 1996 integrum
2701 1943 2807 1980 non
2845 1925 2914 1980 sit
2959 1939 3154 1994 corpus
3202 1926 3476 1981 Ecclesiae.
3507 1926 3616 1982 Sed
3647 1944 3724 1982 vra

2134 2020 2287 2075 nobis
2319 2031 2400 2075 est
2426 2059 2440 2083 ,
2469 2019 2513 2073 si
2545 2018 2749 2088 absque
2778 2017 3063 2086 Acephalis
3087 2029 3304 2073 truncos
3334 2033 3430 2073 nos
3453 2019 3724 2075 credimus

2136 2110 2476 2167 remansisse.
2509 2110 2751 2180 Cut'nquc
2792 2110 3134 2166 beatissimus
3165 2109 3273 2165 Leo
3313 2109 3518 2166 diceret
3545 2129 3560 2166 :
3591 2111 3723 2167 Nam

2137 2202 2284 2257 tntllo
2307 2201 2468 2256 modo
2493 2200 2605 2256 fieri
2636 2211 2808 2271 potest
2851 2210 2910 2255 ut
2938 2201 3030 2272 qui
3059 2200 3253 2256 divinis
3282 2202 3481 2257 audent
3505 2215 3723 2258 contra-

2136 2295 2316 2350 dicere
2365 2293 2753 2357 sacramentis,
2805 2294 2983 2363 aliqua
3016 2291 3168 2347 nobis
3213 2293 3594 2348 connuunione
3620 2308 3723 2348 so—

2135 2386 2371 2451 ciemur;
2406 2387 2496 2440 ille
2526 2384 2952 2440 contradictores
2977 2387 3028 2438 in
3053 2385 3347 2440 Ecclesium
3380 2385 3557 2451 misit,
3589 2385 3724 2440 dans

2135 2488 2378 2535 sanctum
2399 2477 2644 2543 canibus,
2675 2488 2731 2534 et
2759 2477 3146 2534 conculcandns
3185 2488 3310 2534 ante
3338 2492 3533 2548 porcos
3556 2480 3724 2547 proji-

2135 2571 2283 2626 ciens
2315 2573 2653 2642 margaritas.
2692 2569 2928 2641 Denique
2961 2572 3010 2625 in
3043 2570 3186 2639 ipsos
3215 2580 3567 2626 temeratorcs
3591 2587 3725 2625 con-

2138 2666 2275 2718 versi
2304 2663 2652 2732 disruperunt
2679 2678 2793 2728 eos,
2819 2678 2868 2718 et
2903 2665 2970 2716 ab
2995 2663 3228 2718 Ecclesia
3251 2661 3568 2716 diviserunt.
3597 2663 3727 2716 Pro-

2136 2764 2255 2823 pter
2273 2754 2412 2823 quod
2446 2754 2606 2809 etiam
2641 2752 2842 2823 grande
2867 2767 2930 2807 ae
2975 2752 3288 2807 diuturnum
3327 2751 3565 2808 schisma
3590 2760 3615 2788 ³
3643 2753 3726 2805 fa-

2135 2855 2279 2900 ctum
2308 2857 2410 2912 eSt,
2435 2844 2606 2899 donec
2639 2845 2946 2899 misericors
2987 2841 3128 2898 Deus
3161 2857 3258 2913 per
3279 2849 3473 2897 vestrm
3505 2843 3730 2911 pie'atis

2136 2934 2488 2992 ministerium
2511 2950 2608 2990 eos
2637 2933 2883 2990 redderet
2914 2935 3123 2988 unitati.
3157 2932 3308 2990 Unde
3340 2942 3395 2988 et
3436 2935 3726 2987 maximam

2134 3028 2360 3100 gloriam
2387 3027 2661 3083 consecuti
2682 3029 2832 3092 estis,
2865 3041 3022 3096 quam
3051 3035 3109 3079 ut
3139 3026 3191 3079 in
3227 3027 3383 3079 linem
3411 3023 3731 3079 custodiatis

2137 3131 2386 3190 optamus
2408 3161 2421 3184 ,
2456 3119 2587 3174 nihil
2619 3133 2750 3187 agen
2779 3133 2838 3172 es
2869 3120 2990 3172 huic
3020 3116 3344 3186 praedicabili
3377 3117 3514 3169 facto
3547 3127 3734 3167 vesuo

439 3213 600 3269 nibus
625 3227 683 3269 se
697 3213 956 3268 rationem
985 3211 1095 3268 Deo
1117 3212 1366 3269 crederet
1388 3212 1925 3279 rcdtlilurutn,ctiam
1941 3227 2033 3282 pe-
2058 3209 2102 3267 (ἶ
2137 3212 2486 3269 contratimn.
2523 3211 2629 3266 Sed
2658 3209 3010 3267 memineritis
3037 3223 3158 3279 qua:
3204 3218 3330 3262 tunc
3353 3207 3516 3261 fuerit
3544 3207 3734 3260 laetitia

442 3306 632 3376 riculis
663 3319 721 3360 se
754 3305 948 3360 alienis
975 3304 1340 3373 imntergeret,
1371 3305 1455 3359 vel
1493 3305 1538 3359 si
1577 3305 1732 3360 talem
1777 3319 2034 3374 priesum-

443 3401 679 3470 ptionctn
705 3399 882 3455 divina
907 3398 1110 3468 iustitia
1143 3414 1248 3454 non
1269 3398 1585 3454 damnaret?
1613 3401 1704 3455 llis
1724 3409 1903 3455 autent
1925 3416 2030 3456 non

443 3501 750 3559 contentus,
787 3491 890 3546 hoc
919 3505 1134 3560 quoque
1170 3492 1237 3545 ad
1287 3490 1533 3560 iniuriam
1584 3504 1790 3547 sancite
1840 3494 2029 3561 synodi

445 3583 900 3639 Chalcedonensis
922 3583 1116 3650 adjecit
1135 3583 1354 3639 dicens:
1382 3601 1401 3634 ι
1427 3583 1674 3640 Adunatc
1688 3600 1818 3654 ergo
1837 3601 1954 3652 vos,
1980 3587 2031 3640 in

443 3677 592 3730 nullo
622 3675 943 3730 dubitantes.
995 3675 1118 3730 llaec
1149 3677 1291 3730 enim
1333 3674 1649 3742 set-ipsimns
1690 3678 1842 3732 vobis
1867 3719 1883 3743 ,
1925 3695 2030 3732 non

444 3767 761 3822 inuovantcs
793 3764 982 3832 fidem,
1017 3766 1111 3820 sed
1154 3775 1212 3818 ut
1242 3763 1393 3821 vobis
1418 3765 1869 3822 satisfaccrcutus.
1893 3768 2030 3824 Otu-

445 3874 569 3914 ucm
602 3871 730 3913 vero
758 3858 917 3912 aliter
943 3857 1242 3927 sapientem
1263 3897 1278 3924 ,
1309 3872 1422 3913 Sive
1453 3873 1593 3913 nunc
1611 3899 1627 3924 ,
1659 3861 1773 3914 sive
1795 3861 2035 3929 quando-

447 3967 587 4022 que,
615 3953 733 4007 sive
775 3950 1150 4016 ChalcedOnc,
1202 3954 1316 4005 sive
1347 3954 1397 4005 in
1445 3966 1760 4022 quacunque
1787 3954 1992 4023 synodo
2013 3993 2032 4018 ,

443 4043 979 4098 anathematizamus.
1023 4059 1041 4094 ι
1080 4041 1161 4096 Ad
1195 4042 1296 4096 hoc
1336 4053 1514 4097 autem
1547 4043 1917 4098 dezestandum
1960 4045 2034 4098 fa-

444 4137 599 4192 cinus
629 4133 958 4190 adulantium
987 4133 1234 4188 laudibus
1259 4148 1384 4187 eum
1424 4131 1694 4188 credimus
1723 4136 2032 4204 excitatum,

441 4244 566 4284 cum
599 4229 648 4282 ei
688 4226 932 4282 dicereut
959 4266 974 4290 ,
1025 4223 1472 4295 quemadmodum
1503 4226 1714 4290 Solent,
1745 4227 1888 4296 quod
1916 4244 2034 4282 om-

449 4332 546 4373 nes
573 4331 701 4372 suos
731 4317 1044 4372 decessores
1092 4317 1355 4384 sapientia
1378 4325 1438 4370 et
1479 4315 1739 4384 religione
1759 4319 2037 4385 praecelle-

448 4420 558 4472 ret;
593 4408 734 4477 quod
782 4409 962 4463 nullus
991 4409 1038 4462 ei
1087 4415 1271 4476 posset
1300 4407 1354 4462 in
1409 4407 1702 4474 universis,
1735 4411 1824 4478 qui
1855 4423 2038 4466 essent

442 4503 532 4557 vel
562 4502 821 4570 fuissent,
881 4501 970 4557 Dei
999 4501 1367 4558 sacerdotibus
1404 4501 1712 4571 comparari
1750 4520 1763 4555 :
1794 4495 1942 4572 quod
1978 4507 2031 4561 in

2137 3306 2318 3374 populi
2357 3302 2675 3369 Christiani,
2731 3318 2851 3356 cum
2906 3311 3046 3356 totus
3089 3299 3383 3356 catholicus
3437 3299 3584 3352 ert-is
3637 3311 3738 3351 vos

2133 3412 2480 3472 paternorum
2513 3399 2852 3454 decietorum
2881 3397 3165 3463 ett-todcs,
3195 3411 3289 3450 vos
3320 3405 3738 3465 recuperatores

2135 3495 2284 3564 pacis
2306 3490 2684 3548 ecclesiasticae
2709 3535 2724 3557 ,
2758 3507 2853 3546 vos
2896 3489 3082 3544 violati
3105 3487 3307 3544 ordinis
3337 3489 3456 3557 ejus
3485 3487 3737 3542 vindices

2137 3583 2472 3654 pra-dicaret.
2505 3583 2548 3638 0
2571 3599 2731 3654 quam
2760 3584 2996 3637 suaviter
3025 3597 3216 3636 nomen
3250 3588 3483 3635 vestrum
3516 3595 3621 3649 per
3643 3596 3738 3633 ora

2139 3675 2466 3730 laudantium
2499 3675 2801 3730 ferebatur!
2835 3689 2993 3744 quam
3017 3663 3198 3742 giatus
3223 3673 3364 3727 illius
3395 3672 3738 3727 memorandi

2133 3782 2228 3821 ves
2256 3767 2298 3820 ri
2321 3765 2497 3836 operis
2525 3776 2641 3821 erat
2665 3765 2904 3821 auditus!
2953 3765 3016 3819 Et
3049 3768 3165 3818 ideo
3193 3764 3558 3831 considerate,
3585 3781 3739 3834 quic-

2136 3875 2357 3924 sumus,
2399 3871 2454 3914 et
2507 3859 2720 3922 videte,
2769 3860 2880 3913 sive
2910 3873 3028 3927 qua:
3059 3872 3152 3911 vos
3198 3856 3287 3911 illo
3313 3868 3581 3926 tempore,
3625 3856 3742 3912 sive

2137 3967 2256 4022 quae
2293 3951 2560 4023 principes
2591 3951 2892 4005 Marcianus
2921 3960 2977 4003 et
3001 3949 3111 4004 Leo
3141 3950 3468 4018 temporibus
3493 3948 3618 4002 suis
3645 3962 3743 4018 per

2138 4044 2440 4100 ordinatum
2459 4043 2790 4098 sacerdotale
2808 4041 3044 4099 officium
3072 4042 3356 4112 gesserint,
3383 4049 3433 4096 et
3458 4058 3585 4112 qua:
3609 4057 3746 4096 con-

2139 4146 2219 4190 tra
2251 4133 2422 4205 egerit
2458 4133 2629 4201 Zeno,
2659 4134 2856 4188 divina:
2885 4133 3257 4203 dispositionis
3283 4132 3470 4188 ordine
3499 4134 3746 4199 calcato,

2131 4242 2168 4281 c
2233 4227 2410 4281 alieno
2449 4225 2677 4281 abutens
2705 4224 2919 4291 officio,
2963 4239 3084 4279 eum
3135 4224 3477 4280 adulantibus
3526 4226 3746 4286 credit.

2137 4339 2259 4374 cum
2290 4335 2480 4375 eorum
2505 4335 2563 4374 se
2589 4318 2839 4374 laudibus
2867 4322 3095 4373 metimat
3119 4357 3135 4384 ,
3162 4335 3288 4374 cum
3316 4319 3417 4374 illis
3444 4321 3750 4388 prmconiis

2137 4412 2381 4466 elevatur
2408 4411 2604 4480 quibus
2649 4410 2868 4464 omnino
2914 4419 3173 4480 gravatur
3216 4410 3522 4464 humanitas
3561 4428 3577 4463 :
3640 4426 3752 4466 non

2139 4506 2426 4563 attendens
2451 4507 2592 4578 quod
2624 4506 2914 4576 Apostolus
2936 4506 3233 4562 admonens
3264 4502 3394 4560 dixit
3427 4523 3444 4560 :
3471 4505 3624 4577 Opus
3654 4524 3755 4559 au-

521 4699 548 4726 η
585 4695 881 4751 Annorum,
907 4695 960 4739 ut
991 4693 1174 4738 contra
1201 4683 1492 4756 .\l_ut_ianurn
1514 4681 1726 4756 scribit.
1751 4696 1916 4751 prope
1938 4680 2027 4756 to,
2061 4689 2107 4748 ι)
2138 4686 2370 4756 Atljccit,
2395 4686 2586 4755 inqttit,
2624 4686 2698 4739 vir
2745 4682 2958 4739 illustris
2991 4683 3344 4754 (Laurentius)
3395 4701 3549 4739 omne
3597 4687 3758 4740 nubi-

451 4775 479 4813 a
515 4759 704 4814 Felicis
736 4759 795 4810 Ill
833 4756 1141 4825 pontificatu
1186 4753 1250 4806 ad
1283 4753 1852 4826 llocutisdam“usque,
1875 4753 2031 4821 cujus
2147 4753 2255 4809 lum
2285 4758 2425 4825 quod
2455 4753 2668 4825 qui-tem
2710 4758 3036 4810 orientalium
3067 4753 3370 4825 populorum
3392 4756 3646 4826 ambiguo
3670 4775 3760 4812 ca.

452 4829 784 4896 temporibus
809 4822 859 4880 in
895 4825 1328 4898 communionem
1381 4824 1580 4898 recepti
1618 4822 1945 4898 (hiemales,
1982 4835 2036 4898 et
2144 4822 2336 4898 ligante
2359 4822 2643 4897 fttscarerat
2667 4868 2682 4891 ,
2715 4822 3077 4898 redintegrant!
3107 4822 3248 4893 pacis
3275 4822 3555 4898 serenitate
3573 4830 3760 4882 deter—

449 4892 843 4968 pax'liccicsite
873 4895 1096 4968 reddita
1141 4902 1224 4968 est
1259 4909 1401 4968 anno
1451 4892 1653 4968 _Christi
1706 4892 1832 4957 519,
1880 4894 2036 4968 adni-
2143 4892 2256 4950 sum
2287 4892 2376 4952 :et
2405 4915 2514 4951 eam
2540 4914 2658 4950 cum
2692 4892 3174 4950 liontundantistite
3195 4914 3280 4950 vos
3302 4896 3488 4951 habere
3513 4913 3753 4953 concor-

452 4963 600 5024 iente
652 4967 914 5037 imprimis
948 4964 1084 5034 apud
1121 4963 1405 5038 _.lust_iuu_zn
1451 4964 1825 5038 imperatorem
1872 4963 2038 5038 Justi-
2145 4969 2324 5034 illam,
2391 4984 2547 5038 quam
2593 4968 2724 5021 velut
2783 4968 3012 5038 geminos
3077 4968 3424 5036 apostolorum
3473 4968 3761 5036 principes

451 5042 610 5095 niano
645 5032 754 5094 tum
789 5032 1214 5092 adhucﬁcomite.
1243 5033 1477 5107 iVigilius
1511 5032 1559 5087 in
1612 5037 1884 5107 encyciiea
1920 5051 1932 5086 :
1970 5032 2036 5085 Ex
2144 5032 2334 5091 mundo
2361 5032 2622 5107 assignare
2650 5032 2935 5091 convéuiat.
2971 5032 3288 5100 Quis'citim,
3335 5039 3426 5107 qui
3456 5032 3534 5090 uel
3562 5032 3760 5093 catho-

450 5111 564 5165 idco
595 5111 638 5163 si
666 5127 819 5163 causa
866 5107 1111 5161 Ecclesitc
1139 5106 1430 5170 ordinatur,
1480 5115 1532 5157 ut
1573 5121 1743 5174 pacem
1799 5106 1844 5158 ei
1885 5120 2037 5173 quam
2146 5107 2273 5162 licus
2296 5109 2397 5162 dici
2446 5105 2605 5176 potest
2628 5149 2643 5172 ,
2677 5109 2738 5160 de
2772 5120 3029 5160 tantarum
3059 5124 3120 5162 ac
3169 5105 3353 5161 talium
3380 5105 3761 5162 Erclesiarum

451 5181 690 5234 avunculi
734 5182 813 5234 sui
843 5179 1101 5249 piissimus
1147 5178 1383 5246 princeps
1431 5177 1546 5245 fecit
1591 5175 1900 5250 tctttporilms
1925 5215 1938 5238 ,
1989 5183 2040 5250 et
2147 5196 2270 5246 pare
2299 5196 2398 5233 non
2429 5180 2684 5250 gaudeat,
2716 5197 2841 5248 quas
2871 5179 3007 5232 velut
3037 5183 3089 5230 tu
3116 5179 3243 5232 coelo
3274 5181 3495 5246 positum
3525 5181 3763 5250 religio~

451 5259 604 5304 modo
632 5246 886 5310 restituat,
931 5265 1020 5316 ego
1067 5249 1394 5320 sacramentis
1437 5263 1564 5320 opus
1600 5262 1702 5320 non
1735 5247 1893 5320 habeo
1911 5285 1926 5310 ,
1952 5246 2040 5298 sed
2143 5251 2222 5303 uis
2250 5246 2457 5319 signum
2485 5267 2577 5316 pro
2605 5246 2807 5320 gemino
2830 5250 2996 5303 sidere
3037 5251 3262 5303 mundus
3289 5259 3513 5316 aspectat
3539 5252 3564 5304 ?
3619 5246 3765 5318 Quis

451 5324 618 5376 statim
641 5321 1144 5392 cgi'eilior,_l£sstaitt
1163 5319 1453 5392 _Jt_t_stiuiani
1482 5317 1839 5392 gratulutnrim
1863 5321 1928 5392 de
1949 5331 2039 5392 pa:
2144 5337 2245 5373 non
2277 5317 2459 5374 merito
2482 5317 2756 5392 delectetur
2787 5320 3161 5392 inﬁrmantium
3189 5320 3360 5374 reditu
3388 5317 3766 5392 incolumique

451 5408 513 5446 ce
543 5385 832 5447 constituta
865 5390 1066 5461 liuet-te
1112 5390 1174 5442 ad
1208 5388 1566 5461 llormlsdam.
1606 5387 1790 5461 Exstat
1818 5395 1870 5441 ct
1898 5385 2036 5461 Aviti
2140 5399 2299 5456 statu,
2328 5407 2444 5445 cum
2469 5391 2583 5445 aliis
2613 5391 2784 5444 auibus
2811 5385 2949 5444 intra
2978 5391 3200 5445 claustra
3220 5391 3460 5455 solvatis,
3495 5392 3596 5445 illa
3628 5385 3766 5461 q'utz

455 5463 776 5518 Viennensis
811 5460 876 5514 ad
919 5460 1182 5533 loannem
1213 5459 1867 5533 C_on_5tautinopolitanum
1889 5458 2029 5533 ejus-

2142 5462 2263 5514 eitio
2290 5463 2508 5533 errantis
2529 5460 2730 5514 arbitrii
2776 5461 2944 5529 fuerat
2961 5472 3186 5533 evagata
3214 5503 3231 5531 ,
3261 5462 3545 5518 caelestibus
3569 5458 3766 5518 edulis

451 5534 573 5588 dem
631 5531 930 5603 argumenti
983 5540 1037 5585 et
1086 5529 1738 5603 gratulationiscpistola
1782 5530 2028 5603 nondum
2144 5533 2324 5586 lwtitia
2353 5532 2626 5603 plaudente
2674 5532 2977 5587 revocatur?

452 5605 592 5658 edita
616 5643 632 5667 ,
663 5597 766 5672 qua
799 5600 1061 5670 publicam
1094 5597 1173 5656 ex
1206 5615 1267 5656 ea
1311 5597 1438 5670 pace
1483 5600 1717 5654 ltetitiatn
1765 5597 2022 5652 declarat.
2351 5597 2356 5634 ί

524 5764 540 5790 ⁸
572 5759 702 5811 le.
741 5758 962 5819 Vercu”
997 5759 1089 5812 vis.

2222 5755 2239 5785 ³
2271 5756 2410 5812 idem
2436 5757 2580 5826 coJ.,
2611 5775 2713 5812 non
2737 5761 3138 5830 transferantur.

524 5831 545 5864 ‘
570 5831 711 5888 ldctn
741 5831 884 5895 Cod.,
921 5832 1010 5883 hoc
1033 5830 1243 5894 iuthcr.
