3998 6202
265 327 373 387 819

1122 342 1253 399 ΡΙὶο
1285 344 1714 405 DEFENSIONE
1792 348 1961 407 RIUM
2002 348 2315 406 CAPITUL.
2360 351 2467 408 LIB
2507 352 2619 407 XII.

3432 350 3534 406 850

262 452 365 495 tem
385 458 538 497 suum
566 445 740 513 probet
786 465 1164 524 unusquisque,
1211 469 1259 512 et
1307 469 1428 516 tunc
1478 465 1533 516 in
1581 464 1848 527 semetipso
1872 468 1919 526 Α
1948 466 2265 531 Apostolus:
2302 465 2515 520 Obedite
2548 466 2833 536 pra'positis
2858 467 3055 532 restria,
3078 476 3125 520 et
3154 466 3409 536 subjucete
3426 468 3536 521 eis:

260 531 481 601 gloriam
503 534 701 589 habebit
727 548 775 591 et
803 557 901 594 non
930 542 983 595 in
1007 546 1170 600 altera
1197 548 1340 619 (Gal.
1384 568 1457 618 vt,
1488 553 1546 622 4)
1574 571 1586 607 :
1644 556 1693 608 id
1739 566 1841 624 est,

261 631 321 676 ut
341 625 651 681 testimonio
678 644 792 683 sua)
828 636 1172 691 conscientiae
1225 641 1352 695 fidat
1376 685 1390 708 ,
1426 660 1532 698 non
1578 657 1633 699 ut
1662 660 1727 700 eo
1756 662 1845 702 re-

258 709 388 765 licto
432 715 695 783 glorietur
725 720 778 773 in
826 736 919 777 ore
968 724 1256 784 laudantis.
1311 732 1374 785 Et
1423 735 1602 789 suavis
1630 737 1853 804 quidem

256 803 553 859 assentatio
585 804 793 862 videtur
815 849 830 875 ,
862 811 959 866 sed
986 817 1289 883 perniciose
1330 823 1587 891 recipitur
1621 803 1849 881 :iamsra

255 906 387 946 vero
414 908 796 967 nonnunquam
819 904 1018 960 veritas
1041 948 1057 973 ,
1086 922 1303 978 setnpcr
1329 911 1468 970 bene
1498 922 1676 972 tamen
1706 916 1847 972 acci-

256 985 527 1053 pientibus
558 990 787 1047 salubris
810 1005 910 1049 est.
944 996 1030 1052 llla
1058 1000 1333 1059 blanditur
1361 1015 1417 1060 et
1462 1007 1693 1078 decipit,
1728 1009 1846 1065 hac

254 1076 477 1146 castigat
504 1090 558 1132 et
588 1083 823 1150 corrigit.

895 1229 1117 1287 CAPUT
1171 1235 1229 1289 V.

258 1331 535 1393 Conclusio
561 1339 715 1413 tgtius
741 1345 930 1411 operis,
979 1362 1095 1400 cum
1128 1353 1377 1413 parwnesi
1404 1355 1474 1406 ad
1494 1354 1849 1413 Iustinianum

494 1419 549 1463 ut
571 1409 847 1467 Theodosii
872 1420 1104 1497 adempto
1128 1409 1353 1476 errorem
1373 1409 1633 1495 agnoscat.

334 1500 505 1567 Quam
540 1502 587 1556 si
645 1512 889 1561 tenerent
941 1511 1209 1580 magnifici
1254 1516 1595 1584 sacerdotes,
1646 1532 1699 1576 et
1743 1538 1849 1578 non

262 1590 390 1647 inde
406 1592 600 1650 vellent
629 1596 843 1666 placere
867 1600 1221 1671 principibus,
1248 1606 1387 1662 unde
1401 1611 1617 1678 parasiti
1635 1612 1851 1670 fallaces

261 1683 492 1741 incautis
541 1689 717 1744 solent
746 1693 990 1759 patronis
1013 1693 1272 1764 illudere,
1316 1714 1588 1770 nunquam
1639 1703 1689 1757 in
1716 1720 1847 1760 con-

265 1777 538 1832 tumeliam
587 1793 787 1835 sanctae
817 1784 1010 1853 synodi
1058 1785 1513 1846 Chalcedonensis
1553 1793 1797 1852 dicerent
1832 1816 1844 1852 :

272 1887 291 1920 ι
320 1870 377 1924 Si
409 1872 528 1939 quis
550 1872 677 1927 dicit
707 1886 906 1931 rectam
935 1893 1055 1935 esse
1082 1881 1149 1935 ad
1179 1881 1363 1938 Marim
1395 1885 1613 1956 impiam
1646 1891 1849 1960 episto-

265 1961 371 2015 lam
397 2004 411 2029 ,
441 1973 671 2019 auteam
717 1965 986 2036 defendit,
1016 1982 1069 2027 et
1096 1988 1202 2029 non
1247 1976 1659 2035 anathematizat
1699 1997 1848 2053 eam,

264 2055 549 2109 anathema
597 2057 698 2125 sit,
738 2078 759 2112 ι
813 2076 987 2131 neque
1027 2072 1324 2123 statuerent
1380 2077 1437 2125 ut
1481 2071 1525 2125 si
1577 2076 1695 2143 quis
1744 2092 1849 2131 non

262 2146 678 2202 anathematizat
707 2147 1052 2207 Theodorum
1086 2154 1431 2227 Mopsuestia:
1452 2203 1467 2227 ,
1499 2172 1550 2217 et
1572 2165 1689 2233 ejus
1717 2166 1849 2238 dog-

263 2244 407 2290 mata
437 2279 452 2304 ,
483 2253 683 2309 eosque
714 2240 805 2311 qui
826 2252 918 2298 aut
944 2245 1142 2302 similia
1176 2247 1277 2318 ipsi
1305 2266 1595 2320 sapuerunt
1632 2266 1727 2312 aut
1766 2273 1850 2315 sa-

266 2329 451 2399 piunt,
496 2341 681 2388 essent
722 2335 1028 2395 anathema.
1059 2339 1114 2394 in
1142 2356 1281 2409 quo,
1325 2344 1846 2421 sicutostenditnus,

263 2440 370 2478 non
400 2426 573 2479 solum
603 2439 953 2487 memoratam
984 2435 1244 2504 synodum
1276 2434 1777 2498 Chalcedonensem
1796 2456 1849 2501 et

264 2515 687 2584 Aulim-lienam,
736 2536 922 2576 verum
969 2526 1129 2579 etiam
1180 2528 1372 2595 prioris
1424 2535 1685 2602 temporis
1728 2553 1849 2607 qua:

259 2605 547 2663 Theodoro
588 2613 1006 2670 communicavit
1062 2617 1390 2688 Ecclesium,
1447 2634 1607 2695 atque
1658 2605 1847 2687 omnes

262 2708 555 2766 praesentes
589 2701 638 2755 in
663 2717 888 2774 corpore
920 2705 1117 2762 Chriin
1150 2708 1366 2778 fideles,
1398 2715 1489 2783 qui
1517 2726 1570 2770 et
1598 2718 1847 2788 dogmata

257 2804 312 2847 et
337 2810 532 2849 nomen
562 2795 679 2864 ejus
709 2796 956 2866 ignorant
979 2844 994 2866 ,
1029 2801 1122 2857 sed
1151 2812 1204 2859 et
1232 2816 1447 2862 sanctas
1474 2824 1536 2864 ac
1559 2809 1846 2872 familiares

257 2885 475 2941 Christo
507 2903 763 2957 personas
782 2933 797 2956 ,
826 2892 1080 2962 ipsosque
1109 2901 1380 2967 apostolos
1404 2944 1420 2970 ,
1447 2912 1501 2957 et
1527 2905 1843 2963 catholicam

256 2978 417 3032 fidem
440 2979 542 3034 sub
589 2983 931 3040 anathemate
961 2987 1377 3048 damnaverunt.
1414 2994 1477 3048 Et
1506 2994 1633 3053 hinc
1662 3014 1721 3054 se
1749 3016 1847 3069 pu-

258 3081 371 3124 tant
394 3074 729 3130 excusabiles
752 3116 768 3142 ,
793 3078 937 3147 quod
965 3079 1067 3135 hoc
1101 3096 1205 3137 non
1233 3097 1329 3138 sua
1357 3096 1549 3155 Sponte
1578 3088 1839 3161 fecerunt,

251 3164 348 3219 sed
372 3166 600 3221 alienam
634 3167 849 3224 fuerunt
872 3173 1040 3228 secuti
1068 3177 1390 3231 sententiam
1433 3179 1647 3238 :minus
1670 3192 1842 3240 atten-

250 3257 443 3312 dentes
511 3260 652 3327 quod
720 3273 960 3331 pastores
1008 3281 1223 3336 gregem
1271 3269 1506 3340 ducere,
1556 3290 1662 3329 non
1710 3292 1841 3347 grex

253 3361 500 3420 pastores
523 3351 733 3409 debeat.
761 3354 913 3411 Unde
943 3373 1043 3414 nec
1063 3374 1216 3415 error
1240 3372 1512 3431 pastorum
1541 3370 1712 3439 gregi,
1747 3372 1841 3426 sed

252 3446 430 3515 gregis
462 3446 799 3515 pastoribus,
832 3449 876 3502 si
905 3464 1010 3503 non
1040 3455 1349 3523 arguerint,
1401 3456 1715 3525 imputatur.
1759 3463 1842 3518 Ad

253 3537 589 3591 Ezechielem
635 3536 891 3593 Dominus
921 3540 1049 3596 dicit
1093 3559 1106 3594 :
1153 3542 1259 3599 Fili
1286 3547 1525 3615 hominis,
1557 3551 1844 3618 speculato—

250 3645 357 3683 rem
388 3631 508 3683 drdi
538 3641 584 3683 te
614 3633 791 3685 donmi
820 3631 1005 3700 Israel,
1037 3644 1083 3689 et
1106 3640 1286 3693 audies
1314 3656 1377 3693 ea:
1402 3657 1489 3694 are
1511 3659 1620 3697 utea
1650 3661 1841 3701 sermo-

248 3737 386 3775 nem.
415 3719 479 3775 In
506 3738 565 3776 eo
587 3739 703 3777 cum
733 3725 911 3779 dixero
937 3729 1211 3794 ρνιϊαιονὶ,
1236 3729 1497 3799 Morieris,
1525 3746 1568 3788 et
1600 3753 1702 3790 non
1728 3738 1841 3806 [ue-

245 3814 317 3868 ris
342 3813 544 3867 locutus
590 3827 643 3868 nt
670 3827 838 3870 careat
868 3818 1059 3888 impius
1082 3835 1113 3871 a
1155 3821 1236 3873 via
1265 3839 1398 3889 sua;
1431 3825 1517 3879 ille
1557 3829 1759 3893 quidem
1784 3831 1837 3884 in

244 3904 514 3975 iniquitate
530 3922 624 3960 sua
655 3908 917 3975 morietur,
941 3912 1239 3981 sanguinem
1260 3924 1431 3969 autem
1456 3916 1568 3986 ejus
1597 3920 1659 3970 de
1686 3936 1839 3973 manu

242 4006 339 4049 tua
384 3998 661 4065 requirant.
726 3997 803 4075 Tu
848 4011 1019 4054 autent
1071 4004 1117 4056 si
1163 4006 1464 4072 pra’dixen's
1503 4008 1661 4077 impio
1704 4014 1837 4066 viam

241 4104 393 4142 suam
432 4087 661 4159 iniquam
685 4130 701 4156 ,
733 4100 779 4145 et
810 4106 912 4145 non
941 4104 1201 4147 avertatur
1242 4090 1325 4150 ab"
1351 4113 1409 4152 ea
1441 4100 1491 4163 ¹;
1518 4100 1605 4154 ille
1633 4103 1837 4171 quidem

242 4180 295 4233 in
324 4179 596 4250 iniquitate
624 4198 718 4235 sua
756 4184 1027 4253 marietur,
1057 4196 1103 4240 et
1151 4197 1205 4241 tu
1245 4189 1468 4243 animam
1521 4203 1663 4247 tuam
1710 4194 1835 4248 libe-

240 4270 620 4340 rabis(t:‘zeclt.
649 4288 734 4339 tu,
772 4274 1004 4345 17-19).
1053 4276 1133 4331 Ad
1194 4278 1333 4334 hanc
1388 4290 1567 4336 autem
1613 4287 1831 4339 domum

245 4361 409 4416 Israel
439 4374 644 4418 certum
676 4376 759 4421 est
788 4365 946 4422 etiam
972 4368 1237 4438 principes
1263 4372 1440 4441 populi
1469 4376 1757 4443 pertinere,
1779 4387 1836 4432 et.

239 4452 373 4523 ipsis
404 4469 620 4526 quoque
660 4459 1028 4527 speculatores
1057 4473 1180 4514 esse
1210 4465 1524 4531 pr:epositos
1558 4483 1571 4517 :
1602 4482 1830 4534 quorum

237 4546 427 4614 eulpas
454 4548 497 4600 si
545 4562 642 4617 pro
686 4549 1053 4619 acceptatione
1085 4566 1434 4620 personarum
1465 4552 1833 4611 dissimulave-

238 4642 346 4696 rint
375 4640 722 4706 saceidotes,
773 4640 901 4709 ipsis
946 4642 1130 4710 procul
1175 4642 1351 4722 dubio
1387 4655 1638 4715 tanquam
1684 4649 1832 4703 cohi-

233 4727 491 4785 bentibus
540 4729 898 4785 ascribedur.
953 4734 1105 4798 Quod
1148 4733 1193 4787 si
1241 4743 1294 4788 et
1326 4736 1652 4792 concedatur
1689 4739 1830 4808 quod

231 4819 316 4877 eis
349 4835 456 4874 non
487 4819 651 4875 ftterit
682 4822 892 4877 vetandi
928 4822 1188 4890 facultas,
1236 4826 1358 4896 quis
1386 4828 1647 4883 concedat
1690 4830 1830 4899 qttod

232 4912 315 4965 eis
346 4909 578 4965 defuerit
604 4910 802 4966 vitandi
832 4916 1114 4983 potestas?
1164 4924 1327 4983 atque
1375 4916 1494 4972 ideo
1525 4919 1604 4971 vel
1647 4920 1690 4972 si
1724 4934 1827 4973 non

233 5012 529 5073 potuerunt
571 5003 685 5061 haec
720 5004 1003 5073 prohibere
1054 5020 1122 5061 ne
1154 5007 1372 5071 tierent,
1407 5016 1698 5076 potuerunt
1727 5012 1831 5065 sal-

230 5103 338 5149 tem
368 5096 641 5151 deciinatc
665 5112 729 5151 ne
755 5096 1012 5151 facerent.
1035 5098 1142 5151 (Zur
1166 5106 1344 5152 autem
1372 5100 1645 5167 sacerdos,
1670 5102 1825 5171 cujus

227 5199 311 5242 est
339 5186 523 5258 pepuli
547 5199 761 5259 peccata
789 5200 1021 5258 portare,
1041 5192 1189 5245 oneri
1219 5205 1317 5246 suo
1343 5205 1447 5247 non
1471 5194 1735 5257 consulat,
1766 5202 1828 5249 ut

225 5294 447 5335 omnem
479 5294 574 5350 pro
620 5281 777 5349 cujus
806 5282 1041 5351 peccatis
1067 5281 1224 5337 offert
1269 5282 1596 5339 sacrificium
1645 5284 1829 5353 prohi-

226 5370 399 5427 beata
425 5373 678 5438 peccato?
701 5373 971 5442 Scriptum
994 5388 1073 5429 est
1108 5376 1248 5429 enim
1279 5392 1291 5427 :
1320 5374 1385 5428 Et
1400 5375 1620 5445 portabit
1658 5375 1828 5431 Aaron

215 5456 425 5525 judicia
455 5444 682 5525 ﬁliorum
712 5458 880 5514 Israel
911 5459 1109 5531 (Exod.
1152 5477 1339 5525 xxvut,
1381 5444 1494 5531 c.29).
1520 5460 1573 5515 In
1605 5476 1713 5530 quo
1742 5462 1823 5516 iu-

224 5549 516 5618 telliginms
546 5551 667 5618 quia
706 5566 803 5620 pro
830 5553 1064 5621 peccatis
1088 5554 1269 5622 ρονιιιί
1293 5553 1598 5609 sacerdotes
1616 5552 1823 5622 judica—

225 5643 445 5697 buutur.
486 5643 633 5699 Unde
673 5654 725 5699 et
754 5644 882 5699 illud
917 5644 1056 5715 quod
1115 5662 1269 5715 supra
1307 5647 1719 5700 memoravimus
1746 5645 1819 5699 ait

295 5878 312 5909 ⁸
338 5875 474 5933 Col.
508 5878 729 5939 \'eron.,
751 5888 798 5934 et
832 5896 929 5932 non
961 5895 1164 5934 aversus
1196 5878 1296 5946 tum
1312 5880 1346 5931 it
1382 5880 1445 5933 ab
1471 5892 1548 5930 ca.

1951 560 2050 627 ipsi
2082 559 2214 611 enim
2239 557 2543 627 pervigilant
2571 573 2717 628 quast
2751 556 3001 610 rationem
3024 557 3274 610 reddituri
3304 573 3396 623 pro
3423 557 3547 610 ani.

1952 654 2129 704 mabns
2152 651 2331 706 vestris
2375 650 2564 720 (Hebr.
2614 665 2729 715 xm,
2782 651 2895 718 l7).
2931 650 3063 704 Hine
3096 652 3287 705 iterum
3331 650 3555 704 dictnnr

1952 754 2067 797 est:
2097 743 2161 798 Et
2186 745 2407 812 portabit
2437 745 2607 797 Aaron
2651 754 2856 814 peccata
2896 759 3069 797 eorum
3102 743 3298 813 (Exod.
3344 758 3540 803 xxvnt.

1952 837 2065 903 58).
2100 840 2466 909 Quapmpter,
2497 841 2542 895 si
2577 841 2843 911 principes
2888 856 2993 895 non
3020 839 3178 895 alieni
3207 850 3332 894 sunt
3358 854 3387 893 a
3435 854 3546 909 po-

1954 930 2080 999 pulo
2103 929 2216 997 Dei,
2250 940 2304 986 et
2334 946 2430 1000 pro
2475 931 2605 998 ipsis
2649 946 2862 1003 quoque
2906 933 3130 987 offertur
3170 932 3492 987 sacriﬁcium
3516 977 3529 999 ,

1950 1026 2261 1079 sacerdotes
2300 1025 2460 1079 etiam
2511 1025 2745 1094 ipsorum
2793 1036 3017 1094 peccata
3058 1034 3271 1095 portent
3314 1039 3553 1081 necesse

1954 1126 2053 1169 est.
2090 1115 2154 1169 Et
2177 1116 2299 1169 ideo
2322 1131 2419 1171 nec
2445 1117 2730 1172 temeritati
2762 1131 2859 1172 nec
2882 1117 3197 1187 armgantire
3224 1116 3538 1185 deputetur,

1952 1208 1997 1259 si
2026 1208 2277 1259 sacerdos
2318 1207 2479 1261 etiam
2513 1207 2803 1276 principem
2833 1221 3056 1275 peccare
3099 1205 3397 1274 prohibeat.
3430 1205 3541 1261 Hu-

1954 1313 2143 1352 manus
2170 1299 2313 1353 enim
2338 1313 2518 1353 sermo
2544 1308 2625 1354 est
2656 1309 2709 1354 et
2734 1298 2878 1354 omni
2909 1298 3218 1369 acceptione
3244 1300 3433 1370 dignus
3458 1299 3537 1353 di-

1953 1388 2124 1443 centis
2160 1404 2175 1443 :
2206 1389 2319 1444 Non
2347 1402 2601 1457 aggravas
2647 1403 2784 1444 onus
2821 1404 3002 1445 meum
3032 1392 3172 1458 quod
3204 1388 3415 1458 suscepi
3445 1402 3539 1459 pro

1954 1490 2040 1533 tua
2063 1480 2237 1535 salute
2267 1480 2603 1549 portandum.
2633 1480 2751 1535 Non
2780 1482 2923 1536 enim
2955 1489 3037 1536 est
3082 1481 3227 1536 aliud
3256 1495 3380 1535 cum
3410 1480 3539 1534 dicit

1951 1571 2201 1639 cuiquam
2252 1571 2544 1639 sacerdos,
2622 1572 2738 1628 Noli
2792 1587 3046 1642 peccare,
3090 1588 3250 1642 quam
3280 1571 3325 1627 si
3370 1570 3534 1631 dicat.

1952 1662 2230 1719 Sarcinam
2277 1679 2438 1734 quam
2484 1679 2582 1733 pro
2629 1672 2682 1719 te
2722 1666 2961 1720 sustineo
3003 1664 3112 1719 noli
3164 1676 3409 1735 gravare.
3461 1663 3541 1718 Ac

1952 1770 2048 1825 per
2060 1756 2160 1810 hoc
2173 1757 2216 1811 si
2235 1757 2478 1826 princeps
2490 1770 2701 1827 quoque
2717 1770 2811 1826 pro
2823 1757 2936 1811 suis
2961 1758 3191 1825 peccatis
3218 1757 3542 1812 intercesso-

1887 1844 1928 1905 B
1959 1861 2071 1902 rem
2100 1848 2217 1902 vult
2264 1848 2459 1903 habere
2488 1849 2859 1915 sacerdotem,
2892 1849 3051 1905 etiam
3083 1849 3136 1904 in
3166 1849 3278 1904 suis
3311 1850 3541 1919 peccatis

1957 1940 2336 2010 castigatorem
2366 1939 2510 1996 ferre
2538 1956 2643 1995 non
2673 1942 3013 2012 dedignetur,
3044 1951 3103 1997 ut
3130 1955 3227 2011 pro
3256 1938 3348 2023 illo
3376 1940 3540 1995 inter-

1954 2032 2155 2087 cedens
2184 2032 2356 2101 possit
2384 2031 2559 2086 audiri
2593 2050 2603 2085 :
2639 2047 2706 2086 ne
2732 2034 2940 2087 dicatur
2956 2034 3004 2088 ei
3026 2035 3168 2102 quod
3196 2031 3439 2087 Jeremiae
3459 2031 3541 2085 di-

1953 2131 2098 2177 ctum
2130 2131 2251 2177 est:
2285 2122 2410 2177 Noli
2440 2138 2588 2177 orare
2616 2139 2709 2192 pro
2751 2122 2945 2190 populo
2984 2124 3109 2187 hoc,
3141 2132 3189 2175 et
3219 2139 3281 2177 ne
3301 2124 3538 2192 postula-

1956 2216 2082 2270 veris
2123 2215 2355 2271 misereri
2382 2215 2547 2281 illius,
2583 2224 2633 2269 et
2670 2232 2771 2270 non
2800 2215 3071 2269 accesseris
3096 2216 3164 2269 ad
3195 2232 3276 2269 me
3314 2230 3408 2284 pro
3433 2217 3502 2268 eis
3522 2253 3537 2279 ,

1952 2308 2075 2377 quia
2105 2322 2207 2360 non
2237 2307 2513 2361 exaudiam
2541 2318 2589 2360 te
2616 2305 2773 2373 (Jer.,
2806 2322 2876 2360 vu
2906 2350 2919 2370 ,
2960 2307 3072 2378 ll6).
3110 2307 3260 2373 Quod
3294 2317 3561 2362 metuens.

1954 2398 2124 2452 beata:
2172 2396 2558 2451 recordationis
2610 2396 2781 2466 major
2829 2395 3163 2451 Theodosius
3204 2396 3532 2465 imperator,

1951 2488 2108 2557 cujus
2153 2502 2366 2556 semper
2424 2487 2788 2542 memorabilis
2817 2487 2920 2541 erit
2967 2488 3019 2541 in
3071 2486 3305 2541 Ecclesia
3336 2484 3536 2540 Christi

1953 2583 2209 2637 memoria
2231 2623 2245 2647 ,
2270 2595 2572 2652 quanquam
2596 2595 2739 2649 sa’pe
2761 2581 2829 2634 de
2850 2595 3159 2650 magnorum
3188 2580 3536 2634 barbarorum

1953 2675 2152 2744 praeliis
2192 2682 2247 2728 et
2274 2673 2341 2727 de
2388 2673 2741 2727 maximorum
2773 2683 3121 2742 tyrannorum
3168 2671 3534 2741 triumphave-

1951 2771 2040 2835 rit,
2078 2784 2182 2823 non
2216 2776 2390 2823 tamen
2418 2784 2482 2823 ex
2513 2766 2886 2836 hujuscemodi
2914 2766 3261 2821 victoriarum
3284 2765 3536 2835 frequen~

1951 2861 2055 2929 tia,
2107 2862 2158 2916 in
2208 2860 2403 2932 quibus
2429 2861 2699 2931 Trojano,
2748 2862 2857 2915 lilio
2899 2861 3192 2931 gehennae,
3237 2859 3534 2930 comparari

1950 2969 2054 3008 non
2084 2961 2281 3023 potest,
2308 2968 2487 3007 veram
2518 2952 2711 3008 meruit
2736 2952 2996 3022 gloriam;
3022 2953 3116 3007 sed
3140 2954 3207 3009 de
3236 2953 3459 3023 supplici
3481 2961 3533 3008 et

1950 3046 2158 3114 publica
2204 3044 2409 3113 peccati
2438 3045 2518 3099 sui
2550 3044 2863 3113 paenitentia
2885 3083 2899 3109 ,
2935 3058 3094 3110 quam
3126 3055 3428 3115 expugnato
3450 3057 3533 3097 res

1946 3138 2051 3207 gali
2087 3137 2298 3208 fastigio
2327 3137 2535 3207 placide
2559 3148 2721 3206 atque
2750 3136 3028 3191 humiliter
3046 3136 3281 3190 antistite
3311 3135 3532 3190 Ambro-

1873 3225 1916 3287 C
1950 3229 2030 3285 sio
2058 3232 2353 3298 castigante
2381 3230 2647 3299 suscepit,
2681 3238 2735 3283 et
2763 3228 3021 3283 indictum
3051 3227 3151 3281 sihi
3196 3228 3389 3283 debitae
3435 3241 3532 3280 sa-

1947 3323 2266 3380 tisfactionis
2298 3335 2507 3393 tempus
2544 3322 2615 3378 ab
2656 3323 2912 3377 Ecclesia!
2936 3320 3313 3377 communione
3357 3334 3531 3376 remo-

1947 3424 2032 3487 tus
2063 3415 2322 3484 implevit.
2356 3414 2445 3470 Pie
2482 3415 2770 3469 admodum
2798 3414 3027 3469 credens
3051 3425 3105 3470 et
3148 3415 3417 3485 sapienter
3444 3413 3530 3469 in-

1946 3506 2232 3577 telligens,
2290 3506 2435 3577 quod
2486 3520 2591 3561 non
2612 3488 2711 3560 ἐκ
2766 3507 3048 3576 temporali
3105 3514 3377 3576 potestate
3426 3521 3531 3577 qua

1943 3599 2117 3653 fuerat
2148 3598 2307 3653 etiam
2335 3599 2707 3655 sacerdotibus
2736 3601 2828 3655 Dei
2862 3603 3182 3671 prmpositus
3207 3646 3223 3671 ,
3255 3606 3349 3660 sed
3378 3620 3441 3660 ex
3464 3618 3530 3661 eo

1945 3690 2230 3759 pervenire
2254 3700 2435 3758 posset
2479 3692 2544 3746 ad
2591 3693 2778 3758 vitam,
2808 3694 2951 3761 quod
2995 3695 3099 3749 illis
3125 3707 3235 3749 erat
3261 3697 3374 3765 ipse
3403 3697 3529 3753 sub-

1928 3781 2135 3861 jectus.
2170 3782 2322 3837 Unde
2351 3782 2677 3838 credendum
2728 3795 2808 3839 est
2852 3787 2977 3855 quia
3008 3787 3054 3841 si
3084 3803 3236 3842 nunc
3255 3788 3394 3844 Deus
3431 3790 3529 3843 ali-

1941 3888 2099 3941 quem
2129 3873 2473 3927 Ambrosium
2516 3876 2830 3940 suscitaret,
2863 3877 3039 3931 etiam
3059 3879 3394 3935 Theodosius
3424 3894 3528 3936 non

1942 3963 2181 4020 deesset.
2223 3965 2329 4019 Sed
2354 3981 2476 4020 cum
2526 3968 2698 4023 minor
2718 3978 2799 4022 est
2829 3967 3073 4038 exigendi
3108 3970 3323 4039 fiducia,
3356 3973 3527 4027 minor

1941 4066 1995 4112 et
2023 4057 2284 4113 reddendi
2324 4058 2560 4114 devotio.
2604 4059 2718 4116 Non
2751 4071 2833 4117 est
2860 4073 3038 4119 autem
3069 4081 3292 4136 magnus
3321 4078 3527 4125 amator

1942 4152 2214 4221 veritatis,
2260 4152 2345 4206 cui
2378 4167 2495 4207 eam
2548 4171 2794 4224 persona:
2842 4162 3183 4216 commendat
3211 4166 3523 4222 aucmritas.

1941 4241 2050 4298 Sed
2100 4244 2352 4312 quoniam
2401 4245 2466 4300 ad
2510 4246 2641 4302 illud
2686 4263 2793 4319 quo
2842 4250 2981 4321 longi
3032 4258 3297 4314 sermonis
3322 4262 3522 4320 ambitu

1940 4334 2294 4391 tendebamus
2340 4337 2628 4408 aliquando
2676 4354 2991 4412 perventum
3025 4359 3128 4418 est,
3181 4353 3405 4411 obsecro
3438 4366 3525 4427 te,

1939 4428 2359 4486 clementissime
2410 4431 2730 4507 imperator,
2792 4454 2889 4507 per
2956 4449 3417 4505 mansuetudinem
3474 4466 3529 4510 et

1939 4520 2256 4574 modestiam
2280 4520 2513 4593 ChriSIi,
2540 4536 2600 4579 ut
2623 4525 2898 4598 indignum
2931 4549 3016 4589 me
3043 4551 3148 4592 non
3190 4538 3407 4613 indigne
3439 4560 3528 4600 ae-

1862 4610 1912 4669 D
1940 4612 2105 4681 cipias
2126 4628 2300 4684 neque
2329 4630 2587 4685 spernas:
2621 4619 2753 4675 Nam
2783 4624 2826 4678 si
2858 4639 2983 4681 vera
3022 4638 3152 4705 sunt
3194 4610 3528 4701 qum‘dicun‘

1937 4713 2055 4768 tur,
2080 4719 2187 4757 non
2214 4705 2336 4759 ideo
2374 4707 2572 4763 debent
2601 4711 2789 4783 alvjici,
2813 4716 2954 4785 quod
2986 4733 3048 4773 ea
3092 4722 3244 4779 vobis
3280 4725 3524 4794 abjecttrs

1935 4796 2188 4853 insinuat.
2219 4799 2359 4866 Quid
2388 4802 2528 4857 enim
2559 4811 2647 4857 tua
2680 4805 2903 4863 interest
2932 4826 3027 4879 per
3054 4813 3208 4883 cujus
3238 4830 3299 4870 os
3330 4817 3423 4871 tibi
3446 4818 3523 4872 lo~

1933 4901 2129 4959 quatnr
2167 4895 2396 4961 veritas,
2447 4912 2568 4966 qua:
2617 4900 2906 4971 aliquando
2936 4904 3095 4959 etiam
3131 4922 3224 4976 per
3249 4922 3310 4961 os
3355 4909 3521 4964 asina

1933 4983 2079 5053 loqui
2128 4984 2342 5056 dignata
2388 4991 2512 5043 est?
2565 4990 2717 5059 Quod
2752 4994 2798 5048 si
2847 4994 3055 5051 Nathan
3090 4998 3343 5067 propheta
3375 5014 3519 5070 qua-

1932 5078 2131 5132 rendus
2190 5080 2433 5137 videatur
2484 5087 2694 5153 quoties
2741 5088 2990 5157 princeps
3042 5089 3373 5159 deliquerit,
3428 5095 3520 5152 ubi

1930 5184 2073 5224 nunc
2108 5171 2441 5227 inveniemus
2473 5162 2678 5229 Nathan
2698 5216 2714 5242 ,
2746 5187 2804 5229 ut
2832 5177 3080 5246 princeps
3123 5181 3273 5249 argui
3305 5186 3513 5251 possit,

1929 5276 2089 5331 quem
2125 5278 2374 5332 peccasse
2421 5276 2630 5320 certum
2681 5276 2762 5322 est
2809 5277 2867 5321 ut
2912 5268 3119 5325 David?
3173 5271 3252 5327 Et,
3277 5274 3397 5331 ideo
3428 5278 3518 5347 qui

1933 5355 2174 5423 peccavit
2201 5371 2308 5410 non
2339 5356 2566 5411 alterum
2597 5356 2804 5413 Nathan
2835 5372 3072 5431 quaerat,
3102 5366 3356 5433 quoniam
3388 5379 3519 5438 puto

1932 5445 2076 5515 quod
2108 5461 2206 5502 nec
2231 5446 2346 5518 ipse
2375 5459 2667 5518 presumat
2689 5451 2895 5508 meritis
2923 5468 2983 5510 se
3011 5470 3324 5528 comparare
3343 5462 3515 5517 sancti

1932 5538 2121 5593 David.
2152 5539 2426 5610 Siquidem
2454 5557 2557 5597 non
2583 5559 2751 5615 regno
2774 5553 2979 5602 tantum
3007 5591 3023 5615 ,
3048 5549 3140 5604 sed
3167 5550 3217 5605 in
3242 5551 3354 5620 ipsa
3382 5570 3517 5623 quo-

1929 5648 2033 5703 que
2056 5634 2333 5703 prophetia
2356 5636 2508 5705 cujus
2535 5637 2873 5695 solummodo
2897 5639 3121 5697 habebat
3143 5648 3511 5701 auctoritatem
