3998 6194
366 322 459 387 881

1432 326 1732 388 meum
1763 325 1979 386 EPlSC.
2022 294 2545 386 nathANsuSts

3546 334 3659 395 852

372 444 578 499 hathaa
597 485 615 508 ,
646 443 812 499 multa
837 442 1006 499 fuerat
1037 441 1390 517 excellentior
1419 459 1509 498 rex
1563 443 1745 497 DMid.
1775 443 1839 496 Et
1868 439 1955 493 ille
1986 441 2032 495 Α
2063 438 2214 492 rillus
2238 439 2489 509 accedat,
2513 440 2606 511 qui
2633 440 2753 511 ejus
2780 441 2999 501 decreto
3026 446 3392 515 consentiens,
3416 448 3660 506 etsirnnl

366 541 717 594 vehementer
747 542 1029 608 increpans
1052 539 1632 608 peccatum,prodebat
1660 539 1955 603 occultum;

366 646 468 685 nos
492 641 668 684 autem
703 630 803 684 hoc
829 632 1104 699 supplices
1138 631 1366 701 petimus
1397 629 1696 693 emendari,
1725 632 1865 700 quod
1914 629 1969 684 si‘

368 723 597 777 velimus
622 723 799 777 celare
821 740 924 777 non
958 737 1242 793 possumus
1258 766 1270 789 ,
1294 737 1393 778 nec
1414 736 1800 792 exaggeramus
1816 722 1959 791 quod

370 828 477 870 non
512 817 562 870 in
586 817 784 870 multos
814 827 1206 885 pcccatumest.
1236 817 1303 872 Et
1333 832 1438 872 non
1471 818 1577 872 tale
1597 817 1799 887 aliquid
1828 818 1962 885 peti-

368 923 492 963 mus
522 911 754 980 corrigi,
785 912 942 976 quale
973 910 1074 965 fuit
1104 910 1245 980 quod
1276 911 1834 965 excommunicatione
1873 909 1961 962 ul-

366 1000 679 1056 ciscebatur
725 1001 1064 1057 Ambrosius.
1118 1002 1251 1056 lllud
1283 1001 1468 1068 enim,
1522 1003 1767 1068 quamvis
1799 1000 1963 1057 fuerit

364 1092 510 1147 male
539 1105 774 1160 gestum,
817 1092 1081 1148 creditum
1133 1102 1311 1147 tamen
1340 1102 1459 1149 erat
1487 1091 1778 1147 Theodosii
1812 1102 1959 1160 pote-

372 1186 519 1239 stati.
560 1185 715 1252 Quod
759 1194 939 1251 autem
986 1199 1133 1241 nunc
1180 1167 1386 1240 factum.
1412 1194 1516 1250 est,
1546 1185 1627 1240 vel
1657 1184 1702 1239 si
1752 1192 1960 1239 rectum

366 1280 579 1344 fuisset,
609 1288 756 1335 recte
784 1294 891 1333 non
920 1278 1080 1334 fleret
1112 1295 1125 1333 ς
1158 1278 1281 1349 quia
1330 1278 1464 1333 nulli
1491 1293 1675 1347 regum
1709 1277 1835 1332 hinc
1863 1276 1965 1331 ali-

365 1371 494 1438 quid
522 1386 716 1441 agere,
748 1371 839 1426 sed
869 1372 999 1426 solis
1030 1381 1114 1426 est
1130 1370 1499 1426 sacerdotibus
1530 1370 1735 1424 datum.
1761 1369 1964 1424 Verum

366 1464 449 1518 sic
509 1478 724 1531 quoque
767 1475 1111 1532 praecavens,
1159 1477 1225 1517 ne
1254 1462 1442 1518 videar
1481 1476 1819 1528 mensuram,
1856 1476 1962 1515 non

370 1556 586 1624 quidem
619 1556 804 1623 officii,
855 1555 950 1610 sed
981 1554 1161 1610 meriti
1208 1556 1313 1609 mei
1371 1564 1779 1625 transgressus,
1830 1552 1964 1607 nihil

370 1648 495 1702 hinc
526 1649 793 1715 imputare
839 1661 1183 1718 pratsumam.
1231 1646 1346 1701 Hoc
1391 1656 1596 1701 tantum
1646 1645 1967 1713 simpliciter

372 1754 524 1808 rogo,
560 1751 620 1794 ut
658 1739 777 1794 illos
808 1740 954 1807 ipsos
978 1753 1113 1809 quos
1142 1740 1195 1793 in
1227 1739 1328 1793 isto
1354 1739 1573 1793 decreto
1606 1737 1806 1793 novitio
1836 1751 1964 1806 pro-

2066 530 2358 599 prohibens
2399 534 2647 600 qumdam
2685 533 2965 590 Theodori
3010 535 3153 591 dicta
3199 538 3492 608 redargui,
3521 541 3663 596 dixit

2065 624 2207 692 quod
2233 624 2574 681 occasionem
2601 627 2839 683 facerent
2863 630 3135 686 contrario
3153 631 3426 699 dogmati,
3450 650 3558 702 quo
3579 644 3681 689 te-‘

2064 717 2334 771 nebantur
2361 718 2415 771 hi
2445 718 2537 787 qui
2584 732 2702 774 eam
2734 704 3093 776 condemnari.
3117 723 3390 778 volebant.
3423 724 3663 780 Accedat

2064 810 2224 865 etiam
2258 812 2447 867 beatus
2487 813 2711 868 Proclus
2739 814 3397 884 Constantinopolitanus,
3430 817 3519 887 qui
3550 835 3662 873 non

2064 902 2253 957 solum»
2296 905 2495 971 pariter
2537 907 2707 960 vetuit
2742 906 2981 962 abdicari
3029 907 3372 963 Theodorum
3400 951 3416 976 ,
3467 926 3661 967 verum

2067 995 2229 1051 etiam
2262 1005 2489 1052 testatus
2516 1008 2602 1058 est
2648 1000 2793 1069 quod
2821 1014 2946 1055 eum
2996 1014 3097 1057 nec
3147 1003 3325 1057 vivum
3370 1004 3682 1074 aliquando

2065 1086 2382 1156 culpaverit.
2416 1089 2651 1144 Accedat
2678 1091 2838 1145 etiam
2888 1093 3214 1148 venerabilis
3261 1094 3498 1152 Domnus
3543 1096 3665 1152 An-

2067 1177 2378 1242 tiocltcnus,
2424 1178 2515 1249 qui
2561 1181 2647 1235 sui
2704 1180 3008 1237 decessoris
3052 1182 3275 1241 Joannis
3324 1186 3665 1260 aliorumque

2069 1270 2486 1336 prmecdentium
2519 1272 2847 1341 collegarum
2878 1275 3195 1329 sententiam
3244 1285 3463 1343 tenens,
3493 1280 3665 1352 Euty-

2066 1360 2153 1416 chi
2204 1362 2511 1432 Apolinaris
2566 1364 2944 1421 hmresiarcha‘:
3016 1368 3349 1439 impietatem
3398 1386 3669 1427 renovare

2068 1456 2294 1510 teutanti
2315 1500 2328 1522 ,
2354 1465 2409 1512 et
2436 1456 2507 1511 ob
2536 1457 2636 1512 hoc
2665 1458 2953 1514 Diodorum
2977 1471 3138 1531 atque
3161 1458 3501 1516 Theodorum
3526 1479 3659 1517 ana-

2069 1547 2417 1602 tbcniatizare
2443 1550 2821 1617 praesumenti,
2857 1551 3064 1619 primus
3095 1554 3291 1606 restTtit
3317 1554 3381 1606 ad
3426 1553 3663 1622 impera—

2069 1649 2241 1692 torem
2274 1638 2638 1694 Theudosium
2669 1639 2928 1695 scribens.
2961 1640 3166 1707 Quibus
3190 1641 3437 1696 omnibus
3458 1685 3472 1709 ,
3506 1654 3561 1696 ut
3588 1644 3683 1697 de‘

2066 1744 2298 1800 persona
2325 1729 2597 1785 Theodori
2623 1731 3060 1800 praeiudicaretur
3083 1732 3503 1787 Chalcedonensi
3525 1748 3668 1786 con-

370 1833 615 1888 bavimus
664 1848 785 1889 esse
830 1834 1145 1897 damnatos,
1211 1830 1355 1887 fideli
1405 1841 1587 1888 mente
1634 1830 1962 1887 consideres.
1994 1827 2043 1890 B
2070 1822 2214 1889 cilio,
2246 1837 2400 1891 teque
2448 1821 2735 1877 anathema
2765 1821 2966 1878 dictum
3014 1831 3128 1891 est,
3161 1823 3301 1894 quod
3347 1838 3444 1878 suo
3472 1839 3667 1879 exem-

369 1920 636 1992 lmprimis
666 1924 973 1993 Philippum
996 1933 1051 1978 et
1079 1922 1340 1977 Thomam
1389 1921 1586 1978 Christi
1617 1923 1911 1992 discipulos
1942 1961 1958 1987 ,

368 2018 462 2082 qui
492 2017 562 2069 ob
588 2017 689 2073 hoc
715 2017 1002 2071 anathema
1034 2015 1158 2071 facti
1208 2025 1334 2070 sunt
1375 2015 1519 2085 quod
1548 2014 1838 2083 aliquando
1884 2014 1965 2069 his

372 2119 493 2175 qua
527 2100 723 2161 dicitur
751 2107 998 2176 sapuisse
1033 2105 1353 2162 Theodorus
1402 2106 1597 2161 similia
1651 2113 1965 2175 sapucruut.

383 2200 585 2273 Deinde
614 2208 829 2254 sanctos
852 2199 1038 2253 Patres
1065 2199 1156 2268 qui
1185 2197 1527 2253 Chalcedona
1568 2204 1965 2265 convenerant,

374 2301 425 2343 et
458 2290 741 2357 epistolam
793 2289 898 2345 lbze
944 2288 1369 2344 reverentissimi
1400 2290 1639 2358 episcopi
1672 2303 1765 2357 per
1813 2302 1966 2343 suam

374 2382 698 2435 sententiam
728 2390 929 2435 rectam
952 2393 1076 2435 esse
1098 2378 1386 2443 dixerunt;
1420 2394 1520 2434 nec
1549 2380 1968 2434 anathematizaa

378 2480 577 2525 verunt
615 2470 960 2526 Theodorum
1006 2469 1376 2539 Mopsuestiae,
1407 2485 1529 2525 cum
1553 2485 1619 2525 ex
1664 2485 1725 2524 ea
1756 2470 1967 2525 recitari

373 2562 563 2617 laudes
610 2562 729 2629 ejus
777 2562 1028 2617 audirent
1076 2577 1092 2617 :
1141 2564 1359 2631 insuper
1407 2568 1463 2617 et
1513 2562 1796 2630 epistolam
1828 2561 1967 2616 beati

376 2653 572 2707 Leonis
604 2653 812 2706 illarum
863 2650 1212 2721 epistolarum
1240 2650 1491 2720 exemplo
1540 2653 1627 2705 vel
1659 2652 1969 2706 testimonio

377 2741 733 2797 defenderunt
755 2781 770 2805 ,
795 2742 846 2796 in
876 2740 1072 2810 quibus
1102 2748 1158 2795 et
1175 2740 1432 2796 defensus
1449 2751 1531 2796 est
1552 2741 1694 2796 idem
1722 2742 1970 2797 Theodo-

376 2849 471 2887 rus
495 2843 550 2889 et
592 2832 863 2887 laudatus.
903 2832 1143 2900 Quorum
1177 2832 1563 2887 venerabilium
1611 2830 1829 2887 Patrum
1861 2834 1967 2904 pri-

377 2941 523 2980 mum
566 2934 924 2979 memoratum
960 2925 1194 2980 Leonem
1240 2922 1419 2978 animo
1448 2923 1815 2990 contemplare
1835 2965 1849 2987 ,
1877 2925 1965 2993 qui

380 3025 603 3088 propter
632 3016 775 3087 quod
807 3015 1118 3086 approbatis
1133 3014 1307 3084 gestis
1333 3014 1577 3084 ejusdem
1602 3014 1811 3069 concilii
1834 3029 1970 3084 pra:—

378 3112 579 3166 dictam
629 3125 734 3165 non
781 3109 1252 3164 anathematizavit
1308 3108 1628 3176 epistolam,
1675 3121 1796 3161 cum
1851 3108 1967 3175 ipso

2069 1912 2179 1982 plo,
2212 1912 2327 1967 sive
2359 1912 2697 1982 testimonio,
2746 1914 2833 1969 vel
2877 1914 3097 1970 decreto
3151 1915 3543 1984 prohibuerunt
3590 1932 3677 1973 ne

2069 2016 2164 2061 aut
2202 2006 2301 2076 ipsi
2366 2018 2459 2060 aut
2509 2000 2849 2076 dogmatibus
2878 2006 2996 2077 ejus
3044 2006 3329 2063 anathema
3359 2009 3677 2064 diceretur-

2068 2100 2178 2156 Sed
2222 2114 2352 2157 ecce
2381 2115 2479 2155 nos
2508 2134 2525 2164 ,η
2554 2101 2801 2168 religiose
2848 2101 3141 2169 imperator
3165 2144 3181 2169 ,
3214 2116 3540 2172 quocunque
3569 2105 3663 2156 ni-

2070 2208 2135 2248 su
2189 2201 2268 2247 tot
2313 2202 2528 2247 Sanctas
2578 2194 3007 2262 reverendasque
3040 2208 3297 2262 personas
3329 2195 3379 2247 in
3432 2209 3665 2262 ωηερε-

2069 2295 2213 2340 ctum
2239 2295 2343 2340 tua:
2374 2286 2572 2340 mentis
2600 2284 2926 2341 adduximus
2953 2302 2967 2339 :
2996 2285 3117 2355 quis
3146 2284 3324 2348 dabit,
3356 2295 3416 2339 ut
3442 2294 3495 2338 tu
3523 2301 3665 2354 quo-

2070 2392 2173 2443 qu»
2196 2377 2547 2431 considerans
2588 2376 2732 2445 quod
2782 2391 2846 2430 ex
2892 2375 2996 2432 illis
3043 2376 3154 2432 sint
3201 2377 3287 2431 isti
3318 2377 3664 2433 condemnati

2070 2468 2160 2537 qu‘i
2194 2471 2245 2522 in
2297 2468 2704 2537 regeneratione
2730 2472 2996 2535 iustorum
3023 2508 3038 2534 ,
3087 2484 3209 2523 cum
3257 2469 3460 2523 sederit
3493 2469 3679 2525 Filius

2073 2561 2305 2614 hominis
2333 2562 2385 2614 in
2415 2561 2545 2616 sede
2574 2561 2871 2629 maiestatis
2900 2574 3033 2625 sum,
3066 2562 3328 2616 scdebunt
3350 2569 3404 2615 et
3435 2562 3531 2628 ipsi
3562 2578 3664 2616 su-

2074 2670 2167 2722 per
2213 2654 2375 2709 sedes
2427 2653 2711 2709 duodecim
2778 2653 3081 2724 judicantes
3146 2653 3429 2708 duodecim
3487 2654 3680 2709 tribus-

2071 2744 2264 2813 lsrael,
2315 2744 2421 2799 illis
2471 2743 2641 2799 oculis
2696 2746 2748 2799 in
2806 2760 2903 2799 eos
2954 2744 3200 2799 intendas
3251 2743 3446 2813 quibus
3507 2753 3558 2797 te
3589 2747 3666 2798 ab

2069 2840 2148 2892 eis
2199 2853 2304 2891 non
2362 2836 2577 2891 dubitas
2627 2836 3013 2903 iudicandum,
3095 2850 3201 2888 non
3270 2834 3464 2903 quibus
3515 2848 3664 2887 nunc

2069 2927 2269 2982 Christi
2318 2927 2627 2983 sacerdotes
2676 2926 2945 2994 cnnSpicis
2989 2925 3054 2979 ad
3086 2935 3307 2992 tempus
3356 2923 3451 2977 tibi
3482 2923 3665 2992 subje-

2068 3031 2182 3074 etes
2204 3021 2227 3073 ?
2252 3020 2461 3075 Intuere
2481 3018 2643 3088 igitur
2655 3019 2824 3073 oculis
2842 3017 2961 3073 fidei
2977 3031 3081 3087 qua
3104 3014 3343 3071 credisin
3358 3014 3663 3083 Christum,

2070 3111 2214 3166 velut
2242 3111 2296 3165 in
2337 3110 2563 3181 quadam
2609 3110 2814 3166 caelesti
2863 3111 3008 3163 curia
3038 3108 3397 3173 considentes,
3445 3122 3675 3163 summa

375 3203 808 3260 Chalcedonensi
830 3202 1103 3257 concilioa
1127 3216 1234 3269 quo
1257 3200 1496 3269 judixata
1524 3208 1608 3255 est
1632 3193 2033 3268 ortltodoxa,~C
2068 3217 2119 3261 el
2175 3205 2348 3274 primo
2397 3206 2516 3259 loco
2557 3204 2862 3271 Philippum
2908 3214 2967 3258 et
3021 3202 3281 3256 Thomam
3331 3200 3675 3255 reverendos

375 3299 660 3352 anathema
704 3295 875 3350 factus
915 3304 1019 3349 est.
1063 3292 1388 3347 Orientalem
1418 3307 1634 3361 quoque
1660 3291 1921 3362 synodum
1947 3332 1963 3359 ,

377 3400 539 3458 quam
573 3402 603 3443 a
631 3386 1028 3456 sapientissimo
1071 3384 1279 3439 Joanne
1307 3384 1644 3438 Antiocheno
1672 3399 1965 3456 congrega-

379 3491 490 3536 tam
522 3521 538 3547 ,
562 3488 617 3534 et
644 3496 673 3535 a
695 3477 1123 3534 Chalcedonensi
1144 3477 1373 3532 concilio
1402 3476 1751 3546 approbatam
1780 3486 1965 3532 osten-

380 3572 560 3626 dimus
582 3572 822 3635 intuere,
846 3569 993 3639 quod
1029 3569 1050 3600 ¹“
1076 3583 1181 3623 non
1211 3569 1387 3623 solum
1420 3579 1526 3623 non
1551 3567 1969 3629 anathematizar-

378 3666 461 3718 vit
482 3663 827 3719 Theodorum
874 3656 1214 3731 Mopsuestia:
1244 3671 1299 3717 et
1327 3662 1446 3731 ejus
1468 3662 1713 3732 dogmata
1741 3701 1756 3725 .
1780 3678 1966 3717 verum

379 3756 542 3810 etiam
573 3754 1013 3810 anathematizari
1039 3753 1336 3823 prohibuit,
1369 3766 1438 3808 eo
1462 3753 1605 3823 quod
1635 3753 1800 3808 multa
1819 3753 1963 3809 simi-

379 3846 503 3901 liter
527 3845 670 3901 dicta
715 3854 772 3902 et
815 3845 883 3899 ab
916 3844 1036 3899 aliis
1063 3842 1425 3899 anterioribus
1470 3852 1525 3898 et
1568 3843 1815 3913 gloriosis
1847 3844 1974 3915 ejus

378 3936 627 3993 Patribus
657 3936 950 4010 inveniret.
976 3936 1070 3990 Cui
1117 3944 1319 3990 sanctas
1364 3933 1717 3989 Orientalium
1761 3935 1969 4005 synodo

381 4028 528 4082 velut
549 4026 930 4095 praesidentem
956 4025 1140 4094 aspice
1166 4025 1426 4081 Joannem
1478 4024 1964 4094 Constantinopoli-

381 4129 567 4174 tanutn
591 4160 608 4186 ,
631 4118 903 4175 Theodori
929 4117 1359 4189 condiscipulum
1378 4156 1395 4184 ,
1428 4125 1485 4172 et
1513 4115 1829 4185 Gregorium
1864 4116 1970 4172 Na-

381 4211 698 4265 zianzenum
733 4228 745 4261 :
779 4224 1009 4278 quorum
1036 4211 1317 4273 sententia:
1340 4220 1645 4277 congruens
1664 4247 1679 4272 ,
1708 4206 1969 4265 adversus

380 4302 741 4358 ralumniosos
775 4301 1031 4357 Ecclesia:
1059 4301 1474 4361 conturbatores
1514 4300 1755 4369 ejusdem
1793 4302 1969 4357 Theo-

379 4396 500 4451 dori
518 4396 713 4465 scripta
741 4396 1001 4451 defendit.
1036 4395 1172 4450 lluic
1201 4394 1410 4465 synodo
1435 4394 1598 4449 eti-in
1648 4395 1834 4451 beatus
1864 4396 1969 4465 Cy-

453 4552 468 4583 ¹
497 4551 631 4606 Cod.
672 4548 891 4618 Veron.,
932 4568 1063 4622 quin.

646 4715 845 4725 ὴ*-

377 4706 1156 4745 π‹--*α-ο-α-υ-“

2070 3298 2359 3366 apnsmlos,
2380 3294 2624 3365 sequenti
2647 3295 2843 3349 deinde
2869 3293 3056 3348 ordine
3078 3306 3266 3347 omnes
3285 3308 3510 3362 quorum
3532 3308 3667 3348 sen-

2070 3392 2265 3446 tentias
2312 3389 2749 3453 memoravimus,
2789 3387 3055 3455 simulque
3105 3385 3386 3439 damnatos
3415 3398 3535 3438 esse
3561 3384 3667 3437 do-

2070 3484 2299 3543 cuimus.
2332 3481 2675 3537 beatissimos
2704 3479 2892 3534 Patres
2918 3495 2930 3531 :
2959 3476 3152 3546 quibus
3201 3476 3327 3531 licet
3372 3491 3468 3545 pro
3500 3484 3667 3529 tante

2069 3588 2248 3629 causae
2276 3574 2468 3629 merito
2508 3574 2671 3628 verba
2703 3572 2923 3627 minime
2964 3569 3342 3625 commendare
3368 3569 3666 3638 possimus,

2069 3668 2190 3737 quia
2222 3680 2321 3721 nec
2362 3679 2582 3734 persona
2618 3662 2878 3733 permisit,
2910 3661 3026 3732 quis
3067 3672 3244 3716 tamen
3294 3675 3477 3715 eorum
3532 3674 3668 3714 con-

2071 3759 2436 3816 demnationis
2480 3758 2725 3812 conscius
2753 3754 2879 3821 ,vel
2922 3755 3136 3809 tacitum
3178 3751 3325 3808 ferre
3377 3753 3544 3821 possit
3573 3768 3667 3806 as.

2069 3865 2308 3923 pectum,
2339 3864 2459 3905 cum
2491 3848 2720 3903 fideliter
2775 3845 3161 3917 intelligentem
3202 3845 3369 3913 magis
3425 3853 3679 3899 terreant

2070 3947 2187 4013 ipso
2213 3942 2467 3999 silentio?
2515 3941 2776 3996 Videntur
2802 3942 2944 3995 enim
2979 3954 3070 4007 per
3106 3938 3207 3993 hoc
3260 3936 3671 3991 condemnatio-

2070 4050 2195 4091 nem
2222 4048 2395 4096 suam,
2429 4030 2530 4087 nisi
2562 4031 2874 4100 quantocius
2895 4028 3168 4084 auferatur
3194 4070 3209 4095 ,
3248 4024 3430 4083 futuro
3455 4025 3683 4095 judicia

2071 4140 2403 4191 reservasse,
2433 4125 2585 4194 cujus
2615 4135 2669 4177 et
2700 4119 3106 4177 irrctractabilfs
3135 4119 3254 4174 erit
3275 4118 3565 4183 sententia,
3615 4124 3679 4171 et

2071 4220 2189 4275 sine
2220 4220 2324 4277 line
2344 4229 2662 4290 perpetuum
2692 4213 2837 4286 quod
2862 4210 3188 4269 sententiam
3211 4207 3372 4265 fuerit
3397 4222 3681 4263 consecu-

2072 4322 2206 4367 tum.

1440 4702 3687 4746 Μ

1250 4852 1624 4914 SYNOPSIS
1681 4855 2088 4925 CHRONlCA
2154 4859 2543 4923 ANNORUM
2604 4858 2748 4919 Vlll

735 5004 1017 5082 l’rwciptta‘
1045 5028 1256 5084 qumque
1287 5014 1519 5085 digerens
1551 5025 1601 5070 et
1628 4998 1917 5087 illustrant,
1948 5036 2060 5090 qua:
2099 5026 2160 5078 iit
2178 5025 2333 5078 trium
2361 5020 2725 5093 Capitulorum
2753 5034 2918 5074 causa
2937 5019 3281 5093 contigerunt.

450 5181 598 5232 Anno
625 5176 815 5231 Christi
841 5173 965 5229 546.
997 5173 1326 5229 Justiniantls
1364 5175 1651 5243 imperator
1682 5173 1957 5230 Theodori

268 5256 281 5261 ί
376 5265 728 5324 (Iresariensis
756 5266 992 5333 episcopi
1024 5276 1185 5318 suasu
1218 5263 1409 5319 librum
1439 5264 1550 5319 edit
1579 5265 1836 5318 adversus
1865 5265 1963 5318 tria

377 5357 651 5427 Capitula,
680 5370 974 5426 eorumque
994 5354 1325 5409 damnationi
1354 5354 1603 5409 Mermam
1627 5354 1731 5408 (ΖΡ.
1757 5362 1811 5407 et
1831 5355 1965 5408 alios

378 5447 712 5519 patriarchas
741 5462 862 5500 eum
886 5446 1154 5516 episcOpis
1182 5448 1292 5501 suis
1316 5448 1654 5502 subscribere
1680 5448 1842 5516 cogit.
1873 5446 1953 5503 Vi-

377 5539 561 5609 gilium
585 5537 745 5592 etiam
773 5536 958 5591 eadem
989 5551 1055 5593 ex
1084 5552 1246 5592 causa
1274 5537 1440 5591 Roma
1467 5547 1679 5592 evocat.

448 5630 596 5682 Anno
632 5627 823 5682 Christi
866 5628 991 5684 547.
1022 5627 1247 5698 Vigilius
1290 5628 1479 5683 urbem
1524 5627 1723 5697 regiam
1762 5627 1968 5698 ingres-

380 5736 472 5775 sus
501 5735 591 5773 vm
634 5718 889 5773 kalendas
921 5718 1236 5783 Februarii,
1283 5720 1529 5775 Mennam
1572 5730 1626 5775 et
1654 5720 1787 5775 alios
1814 5722 1965 5791 Capi-

393 5810 615 5868 teloruui
645 5812 986 5870 damnatores
1019 5826 1047 5867 a
1076 5813 1454 5870 communione
1489 5813 1787 5880 suspendit.
1821 5814 1967 5872 Men-

2074 5194 2195 5233 nam
2222 5189 2427 5247 postea,
2443 5178 2742 5235 Theodorus
2765 5179 2901 5248 Aug.
2927 5185 3135 5247 rogatu,
3154 5177 3205 5229 in
3226 5172 3678 5228 communionem

2070 5272 2264 5342 recipit
2294 5272 2382 5327 die
2411 5271 2479 5325 29
2504 5270 2667 5325 Junii.
2699 5269 3034 5326 Justinianus
3065 5268 3259 5321 frustra
3291 5268 3394 5319 vim
3442 5263 3680 5321 adhibet

2072 5371 2130 5417 ut.
2152 5377 2183 5423 a
2208 5363 2396 5431 Vigilio
2423 5363 2825 5417 damttationem
2856 5368 3190 5431 extorqueat.

2145 5454 2293 5508 Anno
2312 5454 2504 5509 Christi
2525 5453 2649 5509 548.
2666 5453 2893 5524 Vigilius
2915 5454 3056 5521 pacis
3072 5451 3252 5507 studio
3277 5449 3340 5503 ad
3359 5449 3681 5506 damnanda

2076 5544 2319 5614 Capitula
2366 5545 2595 5600 inflexus
2624 5557 2947 5602 conventum
2980 5545 3143 5600 habet
3167 5544 3546 5614 episcoporum
3583 5546 3678 5599 cui

2078 5636 2364 5692 Facundus
2402 5637 2643 5693 interfuit
2663 5678 2679 5702 ,
2710 5648 2766 5694 et
2793 5652 2944 5693 suam
2975 5650 3409 5706 unumquemque
3441 5644 3681 5690 senten-

2080 5728 2207 5783 tiam
2238 5728 2441 5797 scripto
2470 5729 2710 5797 proferre
2736 5730 2906 5797 jubet.
2943 5730 3141 5783 Allatas
3172 5729 3237 5783 ad
3265 5743 3325 5784 se
3357 5730 3678 5795 responsio.

2080 5832 2177 5876 ncs
2210 5818 2587 5893 episcoporum
2633 5820 2797 5877 mittit
2840 5819 2894 5878 iu
2940 5819 3231 5891 palatium;
3276 5830 3329 5878 et
3366 5817 3679 5893 judicaturn
