3998 6202
249 344 351 399 εέῧ

1411 343 1611 400 LIBER
1649 342 1925 401 CONTRA
1960 342 2335 402 MOCIANUM.

3406 345 3511 400 εει

253 464 366 530 ipse
390 460 458 514 ad
489 458 732 513 Mettnam
746 456 978 513 SaM-ato
999 467 1184 513 sancto
1207 457 1427 528 profert,
1454 459 1635 529 inquo
1654 459 1837 514 Theo-
1858 463 1905 521 Α
1937 469 2085 527 gates
2116 470 2471 526 sacramento,
2505 460 2641 516 redit
2661 459 2715 515 in
2747 459 2963 515 domum
2993 458 3370 517 Placidiattam.
3406 458 3519 517 Sed

252 554 440 609 dorum
466 550 900 620 Mopsuesteuum
932 566 1052 605 cum
1083 552 1419 620 dogmatibus
1449 551 1588 615 suis,
1618 552 1830 619 lbteque

255 643 555 711 epistolam,
588 651 645 696 et
672 643 866 711 scripta
898 642 1242 703 Theodoreti,
1271 641 1422 696 salva
1447 641 1635 710 synodi
1666 642 1826 695 Chal.

251 733 572 790 cedonensis
618 733 957 797 reverentia,
1008 732 1326 795 damnabat,
1377 732 1551 797 Afris,
1598 732 1828 803 lllytiis,

256 826 544 889 Daituatis,
576 825 803 893 aliisque
842 827 898 880 in
928 816 1085 879 trium
1122 822 1477 892 Capitulorum
1518 823 1834 879 defensione

256 919 640 992 perstantibus.

326 1012 474 1065 Anno
503 1008 693 1063 Christi
720 1008 844 1064 549.
896 1009 1142 1064 Rusticus
1169 1019 1224 1064 et
1250 1009 1595 1065 Sebastianus
1623 1008 1834 1064 diaconi

258 1100 357 1163 sub
386 1100 510 1153 anni
539 1098 820 1154 exordium
858 1115 887 1152 a
918 1100 1107 1167 \‘igilio
1132 1100 1421 1165 deficiunt,
1464 1111 1516 1156 et
1539 1101 1831 1169 jndicatnm

261 1194 649 1261 impugnautes,
670 1191 914 1259 \‘igilium
948 1206 1042 1260 per
1067 1192 1386 1259 provincias,
1421 1201 1669 1260 tanquam
1701 1208 1831 1261 syn-

258 1283 342 1337 odi
389 1282 843 1337 Chalcedonensis
884 1284 1346 1350 praevaricatorem
1390 1282 1671 1337 infamant.
1720 1284 1834 1351 Qua

260 1375 326 1429 de
350 1388 407 1429 re
430 1373 625 1427 missus
648 1373 715 1428 ab
740 1373 1028 1428 Aureliano
1058 1372 1356 1428 Arelatensi
1386 1374 1720 1441 Anastasius,
1753 1374 1839 1429 lit-

263 1477 400 1519 teras
432 1464 624 1531 \‘igilio
648 1465 821 1518 attulit
850 1465 1022 1532 pridie
1047 1464 1169 1518 ldus
1190 1464 1377 1519 Julias.

304 1556 481 1626 .Auno
522 1554 709 1608 Cleriin
750 1554 876 1609 550.
910 1555 1132 1624 V'igilius
1172 1554 1543 1610 Valentiniano
1583 1556 1838 1625 episcopo

263 1645 496 1716 Scythia:
545 1661 611 1700 xv
643 1645 895 1701 kalendas
937 1648 1170 1715 Aprilis,
1216 1657 1270 1700 et
1314 1648 1607 1702 Aureliano
1647 1650 1836 1704 Arela-

244 1738 395 1792 ‘tcnsi
428 1752 487 1791 ιιι
524 1735 778 1791 kalendas
803 1736 922 1791 Maii
966 1737 1244 1803 rescribit,
1278 1738 1476 1791 docens
1521 1738 1572 1791 in
1600 1738 1837 1806 judicato

1935 552 2119 605 multis
2148 567 2358 606 rursum
2388 551 2598 621 injuriis
2623 551 2846 607 aﬂ'eetus
2865 591 2879 615 ,
2905 559 2960 606 et
2995 550 3200 606 insidiis
3224 549 3517 620 appetitus,

1934 655 2096 697 noctu
2136 643 2327 698 iterum
2371 645 2473 699 sub
2514 645 2690 699 natale
2730 642 2927 699 Christi
2964 642 3356 698 Cbalcedoncm
3388 644 3515 699 abiit

1934 731 2000 787 ad
2030 742 2272 788 sanctam
2303 734 2675 802 Euphemiam.

2007 824 2154 876 Anno
2182 824 2523 880 C/iristist’iﬁ.
2566 826 2707 880 Missi
2749 840 2778 880 a
2821 824 3127 881 Justiniauo
3168 824 3233 881 ad
3265 839 3517 881 revocan-

1934 915 2060 968 dum
2096 915 2343 985 Vigilium
2369 925 2644 971 senatores
2684 931 2777 970 sex
2806 932 2835 970 v
2866 916 3123 972 kalendas
3155 916 3427 972 Februarii
3462 932 3520 972 re

1938 1003 2133 1059 infecta
2174 1004 2420 1060 redeunt.
2456 1006 2649 1061 Missus
2690 1006 2848 1061 etiarn
2895 1010 3123 1062 seorsint
3159 1009 3325 1064 semel
3362 1018 3521 1077 atque

1938 1092 2128 1147 iterum
2161 1092 2352 1148 Petrus
2382 1096 2795 1161 referendarius,
2828 1097 3011 1165 primo
3030 1112 3148 1152 cum
3179 1097 3361 1152 charta
3394 1113 3521 1153 eon-

1937 1184 2171 1238 tttmeii's
2200 1183 2251 1237 in
2280 1182 2531 1253 Vigilium
2577 1185 2769 1241 referta
2807 1186 2975 1255 pridie
3002 1186 3256 1243 kalendas
3279 1229 3292 1251 ,
3325 1187 3521 1244 deinde

1939 1286 1993 1327 ut
2024 1273 2091 1328 ad
2139 1275 2366 1329 reditum
2404 1277 2706 1342 excitaret,
2755 1276 2928 1345 pridie
2970 1293 3159 1332 nonas.
3199 1277 3365 1334 Nonis
3394 1293 3521 1334 vero

1940 1367 2212 1422 Februarii
2246 1368 2469 1437 Vigilius
2503 1369 2825 1441 encyclicam
2870 1370 2939 1425 de
2977 1369 3366 1425 calamitatibus
3409 1370 3522 1427 suis

1939 1459 2162 1523 scribit,
2211 1458 2664 1528 depositionisque
2709 1458 3027 1514 sententiam
3079 1461 3130 1513 in
3174 1459 3518 1513 Theodorum

1940 1567 2098 1620 quant
2127 1560 2250 1604 ante
2280 1567 2371 1606 sex
2408 1566 2620 1605 menses
2650 1551 2986 1615 condiderat,
3019 1551 3219 1620 profert
3244 1553 3294 1604 iu
3325 1551 3519 1607 lucem.

1945 1644 2146 1697 Edictis
2191 1645 2426 1709 posthme
2472 1642 2697 1698 sublatis
2744 1658 2773 1697 a
2832 1643 3162 1707 Iustiniano,
3224 1644 3523 1714 libellisque

1944 1735 2067 1789 fidei
2106 1742 2160 1789 et
2206 1734 2532 1803 paenitentiae
2568 1735 2758 1789 oblatis
2804 1752 2834 1789 a
2878 1735 3101 1795 Mcnna,
3143 1735 3423 1790 Theodoro
3466 1742 3526 1791 et

263 1844 358 1881 suo
384 1827 515 1881 nihil
537 1827 828 1881 admissum
851 1826 1014 1883 fuisse
1042 1838 1226 1882 contra
1248 1830 1511 1897 synodum
1540 1827 1835 1882 Chalcedo-
1870 1823 1917 1882 B
1944 1825 2087 1890 aliis,
2116 1824 2455 1879 Chalcedone
2481 1825 2664 1881 relicta
2697 1827 2833 1881 redit
2859 1826 3393 1895 Constantinoiiolim.

262 1936 504 1975 nensem.
533 1920 751 1977 Rustico
773 1931 831 1977 et
855 1921 1171 1978 Sebastiano
1200 1922 1315 1977 falsi
1350 1924 1582 1977 rumoris
1607 1923 1837 1977 auctori-

264 2014 362 2068 lius
381 2014 578 2084 gradus
602 2014 683 2069 sui
714 2014 971 2069 honorem
998 2024 1055 2070 et
1078 2014 1432 2077 ministerium
1461 2014 1699 2083 abrogat.
1733 2013 1837 2068 Ur-

262 2115 419 2175 gente
446 2121 607 2175 porro
632 2106 952 2172 Iustiniano,
985 2117 1040 2161 ttt
1071 2106 1311 2162 absolute
1343 2122 1404 2161 ac
1424 2108 1540 2160 sine
1567 2105 1841 2161 mentione

263 2197 452 2268 synodi
485 2195 722 2267 Capitula
753 2198 1068 2265 damnaret,
1103 2213 1219 2253 rem
1262 2199 1326 2252 ad
1360 2198 1639 2253 cuncilium
1680 2212 1843 2267 gene-

264 2289 374 2343 rale
401 2289 745 2345 deferendam
781 2290 1063 2359 persuasit,
1095 2300 1415 2359 receptoque
1458 2290 1665 2344 interim
1719 2304 1840 2343 cum

264 2372 907 2450 aliorum’episcoporum
968 2382 1214 2436 manibus
1254 2382 1492 2450 iudicato
1535 2381 1676 2452 quod
1719 2392 1843 2437 ante

266 2472 491 2540 fecerat,
523 2488 737 2529 omnem
766 2472 1021 2544 deinceps
1043 2488 1210 2543 usque
1237 2473 1301 2528 ad
1331 2474 1614 2530 concilium
1646 2474 1711 2529 de
1738 2473 1843 2528 Ca-

263 2561 449 2630 pitulis
471 2561 818 2630 qumstionem
844 2571 1113 2618 annuente
1142 2563 1384 2632 principe
1411 2563 1699 2618 interdicit.

338 2652 485 2705 Anno
511 2651 697 2707 Christi
722 2651 848 2707 551.
892 2653 1225 2709 JuStinianus
1253 2653 1537 2724 instigante
1563 2654 1846 2709 Theodoro

268 2740 439 2795 edicta
484 2742 536 2795 in
582 2741 945 2811 Capitulorum
987 2743 1383 2799 damnationem
1410 2752 1594 2798 contra
1628 2744 1848 2799 interdi-

268 2843 412 2885 ctum
445 2833 717 2901 proponit.
749 2833 979 2904 Vigilius
1008 2835 1292 2903 reclamat,
1329 2843 1384 2890 et
1419 2835 1851 2889 excommunica-

270 2928 469 2978 tionem
495 2925 547 2978 in
570 2939 665 2979 eos
686 2926 873 2981 indicit
893 2927 979 2995 qui
1006 2941 1285 2982 assensum
1309 2927 1656 2997 praebuerint.
1678 2928 1847 2992 Quam

268 3015 337 3070 ob
366 3030 475 3069 rem
518 3018 738 3072 incenso
766 3017 842 3071 ira
884 3018 1187 3074 Justiniano
1211 3060 1224 3084 ,
1256 3020 1309 3074 in
1350 3019 1624 3074 basilicam
1667 3018 1849 3073 Sancti

270 3106 411 3159 l‘etri
460 3107 513 3161 in
556 3109 836 3163 llormisda
878 3109 1116 3179 Augusto
1162 3123 1347 3165 mense
1384 3110 1667 3178 confugit:
1710 3110 1850 3164 unde

2013 1918 2161 1969 Anno
2211 1917 2400 1970 Christi
2439 1915 2565 1972 555.
2613 1917 2987 1973 Professiones
3033 1917 3150 1971 alize
3193 1917 3389 1987 Vigilio
3439 1916 3535 1972 die-

1942 2011 2413 2081 Tthphaniorum
2458 2011 2617 2064 editae
2646 2025 2677 2063 a
2727 2010 3081 2080 patriarchis,
3132 2010 3401 2081 Eutychio
3436 2013 3524 2081 qui

1942 2103 2147 2159 Menum
2182 2112 2395 2157 mortuo
2431 2109 2795 2169 successerat,
2846 2102 3158 2171 Apolinario
3199 2111 3251 2157 et
3296 2104 3522 2157 Damno.

1943 2198 2192 2268 Synodus
2220 2214 2253 2251 v
2278 2197 2541 2268 generalis
2567 2195 2815 2251 inchoata
2847 2210 2899 2249 tv
2927 2209 3098 2250 nonas
3130 2194 3230 2249 Mai
3260 2231 3275 2245 .
3302 2194 3396 2249 Cui
3433 2196 3528 2251 ab-

1948 2305 2121 2345 nuens
2152 2289 2413 2346 interesse
2433 2288 2680 2357 Vigilius,
2713 2298 2770 2342 ut
2797 2270 2946 2342 suam
2976 2289 3176 2357 scripto
3206 2288 3525 2344 sententiam

1948 2389 2319 2450 expromeret,
2355 2379 2701 2435 constitutum
2734 2380 2905 2448 pridie
2945 2378 3060 2433 idus
3097 2379 3260 2433 Maias
3286 2380 3429 2434 misit
3459 2380 3528 2435 ad

1947 2475 2325 2541 Justinianum,
2358 2475 2413 2530 in
2440 2490 2548 2545 quo
2582 2474 2739 2528 trium
2765 2473 3129 2542 Capi-tuleram
3159 2474 3528 2532 defensionem

1950 2568 2192 2635 resumit,
2224 2567 2365 2624 etde
2394 2568 2461 2623 iis
2489 2582 2611 2637 qua)
2638 2583 2666 2621 a
2697 2566 2904 2638 synodo
2930 2568 3350 2623 Chalcedonensi
3388 2568 3531 2639 judi-

1949 2671 2066 2714 cata
2090 2661 2331 2727 fuerant,
2366 2660 2549 2714 novari
2576 2660 2861 2729 quidquam
2889 2670 3053 2715 vetat.
3082 2661 3346 2718 Caeterum
3373 2675 3532 2733 syno-

1952 2751 2050 2805 dus
2086 2767 2116 2802 v
2158 2752 2255 2803 tria
2301 2750 2541 2818 Capitula
2584 2750 2881 2804 damnatit.
2925 2749 3148 2819 Vigilius
3185 2766 3345 2817 vero,
3390 2753 3533 2821 quod

1952 2841 2351 2895 damnationem
2382 2840 2681 2910 approbare
2711 2840 3014 2910 refugeret,
3052 2842 3105 2896 in
3131 2842 3376 2898 exsilium
3420 2843 3536 2912 pul—

1953 2945 2064 2985 sus.
2114 2930 2242 2986 Inde
2271 2930 2475 2999 aliquot
2502 2942 2620 2999 post
2649 2946 2822 2987 annos
2859 2932 3096 2988 Narseus
3122 2934 3338 2990 comitis
3375 2949 3537 3003 opera

1953 3030 2259 3087 revocatus,
2303 3037 2424 3076 cum
2475 3022 2673 3077 Urbem
2716 3032 3007 3091 repeteret,
3040 3025 3229 3080 morbo
3259 3027 3319 3078 in
3357 3025 3555 3081 Sicilia

1957 3113 2254 3167 exstinctus
2295 3122 2378 3167 est
2408 3121 2528 3181 post
2553 3114 2886 3168 consulatum
2931 3114 3144 3181 Basilii,
3179 3124 3240 3169 ut
3270 3115 3451 3170 Victor
3486 3116 3547 3171 in.

269 3194 419 3248 illum
453 3212 547 3263 per
592 3198 696 3251 vim
728 3198 993 3254 abducere
1034 3210 1261 3254 conatus
1305 3196 1499 3268 praetor
1546 3200 1722 3268 populi
1771 3209 1852 3253 tu-
1879 3201 1925 3263 C
1957 3204 2227 3260 Chronico
2249 3214 2416 3269 notat,
2446 3219 2589 3260 anno
2622 3206 2708 3271 l7,
2743 3206 2795 3261 id
2820 3215 2904 3262 est
2932 3221 3074 3263 anno
3102 3206 3299 3263 Christi
3327 3206 3451 3262 558.

270 3287 435 3340 multu
468 3288 765 3357 repellitur.
790 3291 1025 3359 Accepto
1053 3289 1264 3345 tandem
1290 3305 1387 3360 per
1411 3291 1750 3361 imperatoris
1777 3291 1856 3345 le-

274 3480 455 3491 ~—

463 3485 802 3495 ———_—_._._

1513 3473 3546 3506 W

1525 3645 2333 3760 FACUNDI

276 3895 688 4013 LIBER
772 3896 1341 4015 CONTRA
1456 3898 2210 4017 MOCIANUM
2320 3903 3408 4023 SCHOLASTICUM
3464 3915 3539 4022 ³ο

353 4249 698 4318 Oportuerat,
741 4248 1079 4305 venerabiles
1125 4248 1237 4316 filii,
1274 4258 1330 4303 ut
1355 4249 1724 4318 qualecunque
1763 4249 1865 4304 hoc

279 4356 416 4410 opus
440 4356 469 4394 a
499 4342 651 4395 vobis
700 4342 1011 4411 impositum
1044 4342 1238 4396 vestris
1286 4356 1349 4395 ex
1381 4356 1531 4397 more
1561 4341 1865 4398 nominibus

281 4438 611 4492 dedicarem.
634 4437 738 4492 Sed
771 4445 1014 4492 metuens
1045 4450 1112 4490 ne
1138 4444 1387 4504 tanquam
1416 4435 1740 4489 latebrarum
1769 4450 1867 4489 no-

282 4537 516 4582 strarum
545 4527 767 4593 conscii,
798 4535 1197 4596 persecuturum
1239 4539 1371 4596 quos
1395 4524 1627 4596 fugimus
1658 4526 1863 4581 incide-

284 4618 417 4674 retis
448 4618 500 4673 in
534 4618 847 4682 calumnias,
881 4618 1160 4673 nominare
1188 4632 1282 4672 vos
1307 4617 1471 4673 nolui.
1506 4616 1615 4672 Nec
1643 4632 1741 4687 pro
1770 4633 1867 4673 vo-

1972 4249 2230 4306 Indicavit
2274 4262 2453 4305 autem
2496 4250 2626 4306 mihi
2655 4265 2726 4307 ex
2769 4258 2948 4306 vestro
2982 4250 3254 4318 mandato,
3285 4251 3435 4321 quod
3460 4269 3555 4324 pro

1971 4343 2155 4397 saeculi
2209 4344 2381 4399 nostri
2426 4342 2633 4399 meritis
2661 4354 2716 4399 et
2736 4342 3005 4399 Mocianus
3028 4343 3136 4412 jam
3160 4345 3555 4412 reprehendere

1972 4437 2162 4492 audeat
2189 4438 2537 4493 conciliorum
2586 4437 2827 4505 decreta,
2871 4439 3152 4508 palamque
3178 4439 3385 4509 jactare
3413 4440 3557 4509 quod

1974 4527 2213 4595 episcopi
2242 4527 2479 4583 Africani
2510 4527 2844 4598 aliarumque
2896 4528 3294 4598 provinciarum
3345 4531 3558 4600 indigne

1976 4616 2266 4671 statuerint
2290 4618 2457 4673 vitare
2478 4619 2915 4673 communionem
2943 4633 3131 4675 eorum
3158 4624 3246 4689 qui
3280 4623 3559 4677 manifesto

285 4709 369 4764 bis
391 4709 442 4762 id
486 4707 743 4777 praeloqui
792 4679 1149 4763 necessarium
1197 4707 1314 4772 fuit,
1365 4708 1459 4778 qui
1491 4679 1687 4763 nostra:
1713 4722 1863 4776 pres-
1894 4679 1946 4740 D
1973 4708 2420 4778 promulgataque
2461 4708 2679 4763 decreto
2703 4708 2931 4764 reveriti
2960 4724 3066 4765 non
3096 4679 3221 4766 sunt
3248 4707 3560 4782 impugnare

288 4818 431 4858 sura:
458 4818 563 4856 non
605 4803 734 4856 esris
761 4811 1043 4871 expertes;
1070 4803 1165 4856 sed
1212 4818 1306 4871 pro
1336 4802 1453 4857 aliis
1477 4802 1871 4871 ignorantibus,

287 4895 339 4950 in
373 4909 602 4965 quorum
634 4907 822 4947 manus
870 4893 986 4947 haec
1028 4891 1166 4946 forte
1191 4900 1413 4945 ventura
1442 4901 1592 4945 sunt.
1618 4890 1753 4944 Volo
1779 4906 1873 4943 au-

289 4995 395 5039 tem
428 4998 523 5040 vos
562 4997 722 5039 nosse
747 4982 867 5052 quia
897 4981 1115 5037 nuntius
1147 4996 1306 5049 quem
1338 4982 1579 5048 misistis,
1610 4982 1759 5051 gravi
1784 4994 1872 5035 me

259 5075 607 5130 'inﬁrmilale
644 5075 842 5146 reperit
874 5074 1205 5130 laborantem
1240 5092 1253 5127 :
1286 5076 1356 5129 ita
1385 5076 1515 5129 utin
1542 5076 1738 5130 talibus
1765 5074 1878 5130 die-

290 5165 414 5229 bus,
439 5165 575 5219 sicut
607 5175 659 5219 et
690 5168 804 5235 ipse
845 5166 1037 5235 poterit
1082 5174 1274 5221 vestrae
1308 5167 1618 5221 sublimitati
1651 5166 1875 5235 referre,

297 5272 396 5311 nec
421 5271 587 5327 usque
614 5258 665 5312 in
696 5258 881 5311 horam
907 5258 1114 5314 tertiam
1133 5258 1340 5314 valeam
1363 5258 1577 5315 dilferre
1587 5257 1877 5329 jejunium.

375 5508 401 5536 ι
425 5499 540 5554 Non
569 5500 664 5554 abs
688 5516 765 5566 re,
798 5510 854 5555 ut
884 5501 1093 5569 opinor,
1125 5501 1383 5556 Baronius
1407 5500 1703 5556 Mutianum
1737 5499 1878 5556 hunc

302 5570 453 5624 illum
484 5583 617 5641 e~ser
636 5581 785 5638 putat
806 5572 895 5637 qui
926 5572 1290 5641 Chrysostomi
1317 5572 1575 5626 Homilies
1596 5573 1647 5641 in
1679 5571 1883 5640 Episto-

304 5642 409 5693 Iatn
431 5640 497 5694 ad
530 5640 781 5697 Hebraeos
808 5650 863 5697 et
883 5644 946 5697 ad
972 5639 1331 5697 Philemonem
1361 5641 1575 5697 Latinas
1595 5639 1738 5695 fecit.
1756 5641 1886 5697 Con-

304 5720 505 5779 gruuut
543 5715 683 5765 enim
744 5724 935 5781 praeter
987 5729 1179 5767 nomen
1232 5722 1362 5767 artas
1388 5722 1441 5767 et
1472 5711 1756 5779 professio.
1788 5712 1885 5767 Hic

307 5799 434 5850 ergo
458 5800 578 5838 eum
612 5780 893 5838 Africanos
935 5784 1225 5844 antistites.
1265 5794 1545 5852 propterea
1597 5782 1735 5852 quod
1766 5799 1826 5839 se
1854 5798 1885 5837 a

1970 4797 2412 4853 Chalcedonense
2440 4798 2745 4854 concilium.
2800 4799 3023 4865 Quando
3054 4813 3231 4855 autem
3262 4800 3415 4855 nobis
3442 4814 3564 4854 ces-

1972 4904 2119 4953 sare,
2145 4889 2359 4958 quando
2399 4891 2738 4959 requiescere
2768 4890 3088 4955 conceditis,
3116 4890 3213 4960 qui.
3238 4903 3345 4944 nos
3361 4896 3415 4943 et
3441 4889 3560 4943 Mo-

1974 4982 2131 5038 ciano
2159 4982 2491 5051 respondere
2533 4984 2889 5054 compellitis?
2922 4985 3027 5041 Sed
3058 4984 3162 5039 hoc
3181 4998 3390 5053 quoque
3416 4998 3562 5040 com-

1977 5072 2111 5143 peri,
2170 5083 2468 5129 memorato
2520 5075 2705 5128 nuntio
2762 5073 2891 5127 mihi
2934 5084 3212 5137 narrante,
3249 5073 3372 5143 quia
3421 5074 3561 5131 idem

1978 5163 2249 5219 Mucianus
2324 5166 2509 5221 volens
2564 5165 2629 5219 ad
2691 5163 3028 5219 interdictam
3104 5171 3561 5235 transgressorqu

1981 5260 2415 5311 communionem
2449 5258 2663 5327 ignaros
2695 5268 2935 5325 quosque
2965 5253 3278 5325 deﬂectere,
3319 5257 3561 5327 quaedam

1980 5497 2257 5568 Vigiiioet
2285 5497 2353 5550 al)
2384 5495 2620 5551 Ecclesia
2670 5493 2829 5548 trium
2862 5492 3227 5568 Capitulorum
3259 5509 3419 5568 causa
3446 5509 3573 5567 post

1984 5567 2133 5623 illius
2183 5567 2476 5640 judicatum
2516 5572 2893 5640 segregarem,
2935 5567 3130 5640 merito
3179 5567 3565 5640 redargueret,

1984 5635 2263 5710 Facundos
2306 5648 2416 5710 tum
2456 5635 2608 5710 exsul
2638 5636 2737 5710 hoc
2762 5635 2812 5710 ei
2841 5635 3022 5710 libello
3045 5635 3431 5710 responditfln
3455 5635 3565 5710 quo

1987 5710 2115 5764 nihil
2149 5709 2338 5761 tnirum
2366 5708 2409 5760 si
2434 5707 2751 5761 concitatior
2778 5706 2831 5759 in
2863 5706 3153 5764 Mutiauum
3176 5709 3437 5778 videatur,
3466 5706 3555 5780 Qui

1990 5780 2178 5849 Vigilio
2206 5780 2301 5847 ipsi
2335 5792 2482 5851 νίψω
2512 5793 2616 5833 nou
2649 5787 2851 5849 parcat.
