3998 6194
434 335 535 389 855

1549 337 1840 393 nouum
1883 335 2087 390 EPISC.
2134 318 2630 388 ttuttittsuussts

3602 328 3698 385 836

438 450 576 505 beati
608 451 885 519 Augustini
917 451 1059 505 dicta
1088 449 1465 515 circumferat;
1493 463 1545 507 et
1573 469 1693 521 qua:
1724 453 1811 505 ille
1833 460 2017 505 contra
2053 452 2099 509 Α
2129 450 2322 512 veniri,
2376 466 2533 518 quem
2583 449 2840 503 falu'latis
2896 448 3081 501 beatus
3128 445 3303 515 arguit
3353 445 3699 512 Augustinus,

438 538 741 593 Donatistas
776 539 1161 594 Convenieuter
1189 540 1403 594 locutus
1432 552 1533 606 est,
1584 541 2023 597 inconvenienter

438 629 551 697 ipse
574 630 639 681 ad
684 628 983 695 decipulam
1032 627 1355 697 simplicium
1400 644 1575 684 causa:
1602 630 1806 684 nitatur
1836 639 2023 699 aptare

437 720 707 788 prasenti.
738 719 829 773 Sic
867 719 1155 790 aliquando
1206 721 1369 774 etiam
1424 721 1652 775 Faustus
1700 721 1884 777 Gallus
1916 732 1937 755 ο
1969 721 2025 774 in

436 810 731 877 quaestiooe
782 810 936 865 liberi
964 811 1197 876 arbitrii,
1250 812 1391 867 male
1439 813 1730 867 intellectis
1759 820 1814 866 et
1839 812 2026 864 ineun-

438 913 571 967 grue
597 897 849 953 adhibitis
881 898 1050 969 ipsius
1077 901 1217 955 beati
1242 902 1524 970 Augustini
1553 903 1859 966 sententiis,
1886 902 2028 957 falle-

441 994 532 1045 bat
558 999 615 1046 et
644 991 693 1044 in
725 992 1093 1047 assensiouem
1117 992 1197 1047 sui
1219 994 1420 1048 erroris
1440 994 1725 1049 inducebat
1743 995 1983 1049 incautos
2011 1013 2026 1048 :

438 1087 527 1155 qui
557 1095 734 1141 tamen
756 1102 784 1140 a
808 1099 1007 1143 sancta:
1030 1090 1305 1145 memoria:
1335 1091 1620 1161 Fulgentio
1645 1093 1909 1162 liuspensi
1934 1093 2028 1148 de-

443 1189 613 1235 tectus
644 1189 805 1249 atque
840 1183 1113 1235 convictus
1143 1193 1247 1237 est.
1288 1184 1425 1250 Quid
1452 1196 1631 1239 autem
1661 1187 1711 1238 in
1741 1186 1842 1239 hoc
1870 1187 2031 1240 mire-

443 1272 605 1325 tunr?
636 1272 821 1342 Neque
853 1272 995 1327 enim
1046 1274 1236 1329 melius
1284 1276 1429 1344 loqui
1464 1278 1629 1344 potuit
1679 1279 2027 1346 Augustinus,

444 1378 601 1429 quam
632 1364 929 1432 prophetat,
963 1380 1121 1433 quam
1153 1368 1383 1435 apostoli
1414 1370 1865 1437 etevangelistae;
1898 1384 2031 1432 quo-

444 1470 561 1510 rum
581 1456 762 1510 verbis
777 1455 1024 1511 similiter
1044 1458 1183 1512 male
1205 1458 1516 1524 intellectis,
1542 1467 1598 1515 et
1626 1460 1917 1528 incongrue
1940 1458 2033 1511 ad-

446 1546 647 1609 hibitis,
683 1556 790 1600 tam
836 1546 986 1601 multi
1020 1546 1257 1603 haeretici
1289 1564 1413 1603 suos
1458 1548 1746 1604 defendere
1770 1558 2032 1604 conantur

450 1650 682 1691 errores.
728 1635 949 1694 Gaudeo
993 1648 1171 1693 tamen
1200 1640 1339 1707 quod
1380 1656 1501 1694 eum
1535 1640 1820 1694 nuntiastis
1850 1652 2033 1709 aperte

446 1728 555 1795 jam
606 1730 853 1788 confiteri
884 1730 1007 1799 quia
1054 1731 1397 1787 Theodorum
1438 1733 1872 1800 Mopsuestenum
1916 1734 2029 1801 epi-

2128 542 2267 611 quod
2302 542 2703 607 reprehendens
2722 540 2789 593 de
2817 554 2913 593 sun
2944 539 3233 591 schismate
3265 536 3596 602 Donatistas,
3624 538 3705 590 eis

2127 634 2588 688 communicaret?
2611 636 2690 687 An
2720 633 2860 686 aliud
2892 633 2989 683 iste
3026 644 3166 684 nunc
3190 628 3334 689 facit,
3359 630 3447 696 qui
3472 627 3705 681 Africam

2126 727 2361 782 schisma
2415 726 2607 780 fecisse
2628 730 2804 793 atque
2838 726 2905 777 ab
2938 722 3179 775 Ecclesia
3219 728 3561 789 segregatarn
3582 734 3707 774 esse

2128 822 2431 885 confirmat,
2454 834 2507 873 et
2529 802 2962 873 eicomtuunicat
2977 817 2998 867 ?
3016 828 3244 881 eumque
3263 812 3363 866 sibi
3389 812 3537 865 solus
3562 811 3709 865 video

2130 924 2216 968 tur
2241 916 2475 982 sapiens,
2526 913 2694 965 fretus
2737 919 2821 965 est
2852 924 2986 962 unus
3011 923 3075 961 ex
3111 906 3215 960 illis
3245 905 3316 960 de
3361 905 3556 971 quibus
3580 903 3714 956 dicit

2129 1004 2419 1069 Apostolus
2449 1018 2462 1056 :
2494 1001 2825 1054 Evanuerunt
2848 999 2901 1052 in
2970 996 3363 1068 cogitationibus
3400 996 3529 1057 suis,
3550 1006 3600 1048 et
3625 996 3710 1046 ob-

2129 1106 2388 1151 scuratum
2434 1108 2505 1148 est
2537 1111 2623 1147 cor
2648 1096 2667 1124 ²
2697 1108 2873 1146 eorum
2901 1105 2919 1143 :
2948 1090 3169 1143 dicentes
3215 1088 3348 1140 eni-n
3401 1102 3455 1139 se
3482 1102 3588 1139 esse
3617 1104 3705 1139 sa-

2131 1190 2345 1258 pientes,
2370 1190 2516 1239 stum
2546 1187 2666 1252 facti
2689 1195 2807 1237 sunt
2833 1182 3008 1250 (flant.
3035 1198 3072 1247 I,
3098 1182 3214 1248 ‘21).
3242 1179 3353 1233 Cur
3381 1188 3559 1231 autem
3584 1179 3715 1231 solis

2134 1281 2444 1341 Donatistis,
2472 1278 2561 1346 qui
2593 1293 2622 1329 a
2646 1277 2936 1329 schismate
2966 1272 3329 1342 prosiluerunt
3361 1277 3413 1323 iu
3440 1270 3711 1332 hmresim,

2135 1380 2191 1426 ut
2220 1378 2405 1440 postea
2450 1370 2611 1424 etiam
2658 1367 2727 1422 de
2782 1366 3104 1433 baptismate
3147 1372 3203 1417 et
3243 1363 3421 1417 dit-ina
3453 1363 3715 1415 Tricitate

2135 1461 2273 1515 male
2325 1460 2611 1522 sentirent,
2658 1466 2712 1512 et
2762 1472 2868 1511 non
2916 1453 3163 1510 omnibus
3210 1452 3499 1514 lia-reticis,
3542 1452 3626 1505 vel
3648 1452 3714 1503 ab

2137 1553 2254 1620 ipso
2284 1552 2442 1604 beato
2479 1548 2799 1619 Augustino,
2829 1546 2916 1601 vel
2945 1545 3014 1600 ab
3053 1544 3174 1598 aliis
3204 1544 3455 1598 Ecclesia:
3481 1542 3714 1595 doctori-

2138 1644 2237 1697 bus
2264 1642 2620 1710 exprobratur
2642 1639 2785 1708 quod
2816 1638 2987 1693 malos
3009 1637 3062 1691 in
3101 1636 3345 1691 Ecclesia
3369 1634 3504 1695 ferre
3528 1634 3716 1686 nolue-

2142 1736 2271 1797 rint,
2306 1733 2408 1786 nisi
2439 1732 2563 1800 quia
2593 1730 2913 1793 Donatistm,
2947 1726 3111 1781 nullis
3144 1724 3596 1779 intercedentibus
3618 1722 3714 1776 de-

448 1832 672 1889 scopum
698 1820 750 1873 in
782 1819 1037 1874 Ecclesiae
1070 1835 1198 1889 pace
1223 1821 1555 1887 defunctum,
1584 1822 1807 1891 ejusque
1834 1824 2028 1877 doctri-
2066 1826 2107 1883 B
2135 1823 2297 1879 cretis
2319 1821 2507 1889 quibus
2526 1826 2828 1888 oppugnata
2846 1818 3026 1871 dicant
3043 1816 3257 1884 antiqua
3281 1813 3349 1868 de
3369 1811 3720 1873 fidedecreta,

448 1926 594 1978 nam,
627 1910 779 1980 cujus
806 1912 990 1967 laudes
1013 1913 1066 1967 in
1094 1914 1320 1968 concilio
1342 1914 1766 1970 Cltalcedonensi
1799 1918 2035 1969 recitata:

448 2016 578 2060 sunt
600 2007 812 2061 nemine
842 2008 1143 2077 refragante
1165 2050 1181 2073 ,
1203 2010 1295 2063 sed
1326 2020 1379 2062 et
1422 2008 1702 2078 epistolam
1752 2010 1855 2083 Iba:
1897 2010 2034 2063 anti-

448 2097 587 2151 stitis
615 2096 893 2161 Edesseui,
927 2115 1045 2166 qua:
1083 2099 1154 2153 ibi
1185 2109 1270 2153 e~t
1314 2098 1619 2154 orthodoxa
1666 2100 1901 2167 judicata
1926 2140 1940 2162 ,
1984 2109 2038 2152 et

452 2188 771 2244 Theodoreti
820 2190 1061 2260 episcopi
1103 2190 1255 2260 Cyrri
1288 2191 1508 2258 scripti,
1539 2191 1629 2260 qui
1659 2200 1901 2245 assertor
1929 2191 2036 2244 illic

452 2281 700 2335 inventus
743 2291 826 2335 est
880 2281 1125 2347 epistola:
1174 2280 1493 2353 dOgmatica:
1526 2298 1676 2349 papte
1732 2282 1951 2349 Leonis,
1986 2282 2034 2335 iu

452 2370 617 2435 ipsius
645 2372 858 2427 concilii
908 2372 1368 2427 Chalcedonensis
1414 2373 1781 2442 praejudicium
1819 2377 2039 2427 damna-

451 2462 630 2517 xerint
680 2464 1084 2534 impugnatores
1135 2464 1409 2520 Ecclesiae.
1445 2465 1575 2519 Nam
1624 2475 1844 2520 sanctus
1874 2467 2039 2518 frater

453 2555 599 2609 Abba
628 2555 775 2609 Felix
808 2556 833 2593 ιι
868 2558 919 2623 ⁸,
950 2557 1089 2611 inter
1112 2558 1210 2611 alia
1237 2560 1372 2611 mala
1394 2560 1781 2627 quamplurima
1810 2574 2038 2625 quamo-

454 2646 535 2699 t:is
558 2646 625 2701 de
667 2646 760 2700 illo
812 2648 1051 2717 scripsit,
1080 2647 1241 2701 etiam
1282 2649 1386 2703 hoc
1427 2649 1630 2715 retulit,
1659 2650 1802 2718 quod
1835 2652 2040 2704 amicus

465 2744 634 2791 tactus
683 2738 843 2793 fuerit
890 2739 1173 2794 Theodoro
1213 2739 1537 2810 Cappadoci,
1579 2751 1635 2796 et
1675 2757 1796 2795 cum
1840 2744 2039 2812 sseplus

461 2833 863 2897 praesentaverit
910 2833 1244 2902 imperatori,
1296 2835 1421 2903 quia
1450 2836 1684 2903 capitula
1718 2837 2038 2905 eiquzedam

456 2923 879 2978 subministravit
909 2942 1003 2995 pro
1034 2926 1353 2982 damnandis
1371 2940 1489 2995 post
1520 2938 1743 2983 mortem
1768 2928 1820 2982 iit
1855 2929 2041 2984 Eccle-

455 3016 549 3069 sia:
577 3030 708 3084 pace
751 3016 1041 3073 defunctis.
1077 3018 1184 3074 Sed
1226 3028 1280 3073 et
1332 3018 1657 3089 Carthagine
1685 3018 1954 3086 similiter,
1985 3029 2042 3073 ut

456 3107 803 3176 advertimus,
832 3110 1108 3164 astrucbat
1146 3111 1285 3179 quod
1313 3112 1600 3180 praedictus
1632 3110 2041 3180 Mopsuestcnus

2139 1929 2260 1967 sese
2286 1913 2354 1967 ab
2390 1912 2625 1965 Ecclesia
2651 1910 2978 1972 diviserunt;
3018 1907 3106 1960 alii
3161 1921 3311 1971 vero,
3355 1902 3444 1971 qui
3472 1901 3721 1957 decreloo

2141 2021 2258 2058 rum
2291 2004 2677 2071 intercessione
2727 2011 2853 2055 sunt
2881 2002 3135 2069 separati.
3169 2013 3273 2052 noo
3304 1996 3369 2049 de
3392 1993 3720 2061 impatientia

2140 2096 2510 2158 discessionis,
2560 2095 2654 2148 sed
2704 2093 2772 2147 de
2825 2092 2943 2145 solo
2999 2105 3099 2145 suo
3137 2090 3383 2158 dogmate
3412 2087 3722 2155 culpantur,

2140 2192 2479 2257 quiajustatn
2525 2198 2579 2241 et
2612 2186 2967 2241 necessariam
3001 2185 3267 2237 haberent
3291 2196 3505 2234 causam
3544 2180 3720 2233 disce-

2141 2283 2325 2350 dendi,
2353 2282 2455 2336 nisi
2484 2281 2583 2349 ipsi
2613 2282 2663 2334 in
2696 2281 2944 2349 dogmate
2974 2279 3321 2333 fallerentur?
3353 2277 3579 2345 Scripsit
3601 2278 3719 2329 bea.

2143 2393 2229 2436 tus
2250 2382 2494 2436 Gelasius
2522 2381 2795 2434 ltomanus
2824 2378 3110 2447 cpiscopus
3139 2375 3397 2429 adversus
3420 2372 3723 2438 Acephalos

2143 2490 2389 2543 maguum
2431 2488 2593 2540 opus;
2627 2487 2723 2526 nec
2753 2486 2847 2525 eos
2888 2472 2971 2524 vel
3014 2474 3145 2538 ipse,
3170 2470 3254 2522 vel
3280 2467 3420 2520 alius
3440 2466 3724 2534 quiSquam

2143 2566 2381 2635 culpavit
2412 2565 2477 2618 de
2509 2564 2863 2634 impatientia,
2886 2564 3071 2617 dicens
3111 2563 3231 2631 quia
3264 2562 3346 2615 vel
3378 2562 3419 2613 si
3454 2574 3612 2629 prava
3642 2573 3721 2613 es-

2143 2667 2265 2711 sent
2292 2656 2750 2711 Chalcedonensis
2778 2654 2991 2709 concilii
3015 2652 3257 2717 definita,
3282 2651 3722 2706 communionem

2144 2749 2406 2803 tnalorum
2440 2747 2582 2801 ferre
2612 2746 2932 2807 debuerant,
2964 2760 3060 2798 nec
3091 2759 3150 2797 se
3172 2746 3239 2797 ab
3270 2741 3506 2796 Ecclesia
3536 2755 3723 2807 segre-

2143 2856 2303 2910 gare;
2338 2840 2430 2894 sed
2464 2838 2531 2893 de
2559 2838 2658 2893 hoc
2678 2838 2796 2892 solo
2814 2837 3115 2905 culpantur,
3141 2835 3281 2902 quod
3307 2848 3492 2887 sanam
3523 2831 3722 2885 doctri-

2145 2946 2267 2985 nant
2310 2930 2548 2998 recipere
2579 2929 2883 2983 noluerunt.
2923 2926 3054 2989 Cur,
3085 2940 3291 2995 qureso,
3326 2924 3427 2976 nisi
3458 2922 3599 2990 quod
3637 2923 3723 2975 iSti

2095 3044 2104 3054 -
2145 3023 2375 3078 decretis
2430 3020 2929 3083 intervenientibus,
2982 3032 3086 3071 non
3136 3015 3275 3070 sicut
3318 3013 3610 3069 Donatistae
3655 3011 3731 3063 ob

2148 3117 2277 3169 alias
2309 3123 2435 3169 sunt
2459 3126 2652 3168 causas
2680 3112 2749 3166 ab
2781 3108 3016 3165 Ecclesia
3044 3108 3313 3176 separati?
3354 3106 3468 3160 Non
3500 3118 3631 3172 ergo
3658 3102 3730 3154 ul-

457 3200 779 3258 Theodorus
800 3203 944 3271 juste
984 3219 1045 3257 ac
1074 3204 1392 3273 regulariter
1440 3212 1562 3271 post
1601 3213 1828 3258 mortem
1887 3203 2046 3256 fuerit
2070 3199 2118 3262 C
2152 3208 2315 3261 terius
2347 3207 2597 3259 abutatur
2628 3203 2680 3256 in
2707 3217 2857 3257 suam
2885 3201 3219 3268 aliorumque
3244 3197 3533 3268 perniciem
3558 3206 3733 3247 novus

457 3293 863 3348 condemnatus.
898 3295 1049 3348 Nunc
1090 3310 1241 3362 ergo,
1297 3294 1549 3363 quoniam
1595 3294 1873 3347 indicasds
1916 3310 2038 3348 eum

458 3385 674 3451 rulpare
701 3399 819 3453 qua:
851 3385 993 3452 prius
1038 3384 1183 3439 velut
1216 3395 1359 3439 recta
1392 3395 1446 3439 et
1492 3385 1829 3454 inculpabilia
1854 3386 2042 3441 defen-

458 3476 640 3539 dobat,
672 3475 765 3528 sed
800 3476 900 3529 hoc
928 3486 1104 3529 tamen
1135 3491 1397 3540 asserere,
1431 3475 1575 3546 quod
1605 3477 1839 3544 ipsorum
1861 3478 2038 3546 impu-

459 3574 742 3631 gnatorum
782 3565 1036 3621 Ecclesiae
1065 3569 1373 3621 communio
1400 3568 1471 3621 sit
1519 3568 1760 3633 ferenda,
1796 3578 1954 3637 atque
1976 3570 2042 3623 ad

458 3657 917 3713 confirmationem
972 3658 1137 3728 ipsius
1189 3659 1505 3714 assertionis
1558 3660 1697 3715 beati
1756 3661 2041 3730 Augustini

464 3749 640 3804 verbis
665 3756 853 3803 contra
897 3749 1201 3805 Donatistas
1246 3753 1467 3819 pro'atis
1499 3752 1647 3807 abuti
1683 3772 1696 3805 :
1731 3754 1906 3821 coegit
1935 3770 2043 3820 me,

467 3852 525 3895 ut
573 3840 838 3905 VoluiSlis,
897 3856 1002 3895 non
1053 3842 1411 3897 consideratis
1466 3844 1669 3898 viribus
1726 3844 2046 3899 valetudinis

469 3941 699 3999 ntea:,et
736 3936 1218 4003 quomodocuuque
1262 3934 1459 4001 ineptis
1500 3935 1617 4005 ejus
1658 3935 2050 3990 assertionibus

467 4024 811 4094 respondere.
845 4024 975 4079 Nam
995 4037 1048 4080 et
1076 4026 1291 4081 codices
1313 4026 1379 4080 ad
1404 4029 1711 4081 necessaria
1740 4028 2043 4082 testimonia

464 4117 807 4186 requirenda,
840 4129 1089 4187 tanquam
1122 4119 1303 4187 fugato
1332 4127 1388 4172 et
1417 4119 1473 4172 in
1496 4118 1713 4173 latebris
1735 4122 2042 4186 constituto,

464 4207 595 4261 mihi
627 4221 769 4261 nunc
800 4206 994 4261 desunt
1027 4224 1040 4261 :
1073 4208 1197 4276 quia
1222 4208 1236 4237 ¹
1258 4209 1373 4275 ipse
1418 4224 1553 4261 unus
1592 4219 1673 4262 est
1703 4218 1724 4245 ο
1760 4210 1844 4263 cui
1872 4210 2047 4265 nullus

464 4298 691 4369 placeat.
717 4296 773 4353 Si
794 4308 969 4352 autem
1016 4297 1225 4353 videtur
1251 4300 1373 4368 quia
1398 4314 1494 4353 nos
1523 4298 1820 4353 Donatistis
1842 4298 2048 4354 similes

474 4404 682 4458 sumus,
714 4404 811 4444 cur
843 4388 957 4459 ipse
984 4404 1088 4446 non
1120 4389 1388 4446 erubeScit
1420 4390 1460 4444 Τ
1464 4391 1694 4461 ychonio
1741 4390 1936 4446 similis
1967 4394 2043 4447 ioc

2151 3303 2237 3357 hic
2259 3302 2444 3355 doctor
2473 3297 2862 3353 assertionibus
2893 3302 2949 3349 et
2995 3293 3256 3360 exv'mplis
3304 3288 3498 3359 quibus
3550 3286 3736 3339 Dona-

2152 3396 2287 3448 tistae
2302 3392 2501 3462 repulsi
2525 3399 2683 3455 sunt;
2709 3388 2802 3443 sed
2827 3385 3069 3439 attendat
3093 3384 3285 3452 potius,
3304 3381 3412 3451 qui,
3441 3377 3739 3433 secundum

2154 3483 2427 3553 propheta:
2472 3483 2671 3536 dictum
2706 3501 2718 3534 ;
2756 3477 2940 3531 Noluit
2987 3475 3294 3544 intelligere,
3326 3482 3379 3525 ut
3414 3471 3537 3523 bene
3565 3478 3742 3540 ageret

2155 3577 2327 3647 (l’s’al.
2364 3593 2523 3642 xxxv,
2556 3574 2635 3644 Ii).
2668 3575 2828 3629 aliam
2852 3588 2973 3627 esse
2999 3569 3391 3625 Donatistarum
3414 3578 3664 3626 causam,
3692 3572 3745 3619 el

2153 3672 2313 3723 aliam
2342 3686 2461 3739 qua:
2485 3686 2625 3722 nunc
2643 3670 2837 3737 agitur,
2866 3666 2919 3719 in
2951 3680 3051 3733 qua
3082 3672 3159 3718 tot
3190 3662 3404 3753 Patrum
3431 3665 3746 3711 nostrorum

2153 3775 2423 3817 sectamur
2445 3762 2717 3828 exetnpia.
2749 3759 2880 3813 Nam
2930 3765 2985 3809 et
3025 3771 3145 3811 eum
3178 3747 3404 3808 Aeacius
3433 3747 3748 3805 Constanti-

2156 3852 2501 3922 nopolitanus
2529 3852 2814 3919 cpiscopus
2839 3848 3039 3915 aliquid
3071 3846 3331 3900 adversus
3359 3841 3746 3895 auctoritatem

2154 3946 2345 4013 synodi
2378 3942 2831 3999 Chalcedonensis
2856 3939 3105 4004 auderet,
3150 3952 3255 3991 non
3300 3933 3571 4004 equidem,
3602 3934 3751 3987 sicut

2156 4048 2296 4087 nunc
2328 4032 2525 4087 factum
2552 4044 2659 4095 cst,
2682 4030 2899 4084 decreto
2920 4044 3040 4082 cum
3064 4025 3401 4080 anathemate
3417 4021 3745 4080 constituto,

2157 4122 2251 4176 sed
2274 4123 2382 4176 sola
2403 4122 2633 4176 inimicis
2651 4120 2816 4189 ipsius
2833 4118 3026 4189 synodi
3045 4115 3422 4171 communione
3446 4112 3749 4179 permissa:

2160 4213 2460 4283 praevidens
2482 4211 2776 4281 apostolica
2800 4210 2957 4264 sedes
2982 4208 3147 4277 quod,
3172 4206 3314 4261 sicut
3338 4204 3511 4258 exitus
3534 4202 3751 4267 docuit,

2160 4308 2274 4360 inec
2322 4306 2571 4361 remissio
2621 4303 2684 4357 ad
2729 4302 3152 4358 destructionem
3204 4298 3421 4353 concilii
3452 4296 3751 4351 memorati

2161 4397 2511 4470 portenderet
2550 4397 2755 4470 (postea
2786 4397 2981 4467 quippe
3013 4394 3161 4450 Zeno
3188 4394 3505 4461 imperator,
3534 4392 3637 4460 qui
3669 4390 3752 4444 eis

539 4628 564 4652 κ
595 4617 887 4693 EpiscOpus
908 4616 1152 4673 Reiensis
1180 4636 1193 4669 :
1218 4633 1376 4693 quem
1394 4617 1586 4693 Avitus
1614 4616 1951 4693 Viennensis,
1977 4617 2041 4671 ad
2075 4626 2127 4687 D
2152 4624 2341 4678 eodem
2375 4634 2582 4692 postea,
2620 4624 2761 4693 quod
2804 4621 3003 4692 quinta:
3034 4619 3238 4689 synodo
3276 4613 3488 4693 scriptis
3503 4614 3637 4693 _Stlis
3660 4613 3759 4693 9i}-

471 4687 908 4756 Burgundionunt
950 4702 1128 4757 regem
1175 4691 1331 4756 epist.
1384 4688 1418 4741 Δ
1463 4688 1727 4751 scribens,
1758 4689 2042 4755 Faustique

468 4759 642 4827 ipsius
667 4757 733 4811 ad
766 4758 1043 4812 Paulinum
1066 4758 1348 4826 epistolam
1393 4757 1663 4822 refellens,
1689 4768 1808 4811 ortu
1836 4758 2041 4811 Britano

469 4845 638 4896 num,
690 4829 991 4882 habitacula
1034 4828 1318 4883 Reiensem
1371 4827 1539 4883 fuisse
1584 4830 1676 4882 ait.
1722 4831 1801 4883 Ac
1835 4829 2043 4883 Britan-

469 4916 595 4955 num
654 4913 873 4967 prorsus
916 4898 1083 4953 fuisse
1137 4899 1308 4952 innuit
1347 4900 1504 4953 etiam
1558 4898 1932 4954 Siduniuslib.
1966 4915 2041 4964 ix,

467 4972 625 5037 epist.
650 4974 705 5035 il,
738 4970 877 5038 quod
924 4972 992 5023 de
1024 4969 1293 5023 Britannis
1318 4970 1491 5026 Gallis
1513 4987 1672 5038 supra
1714 4970 1965 5039 Ligerim,
1996 4981 2053 5023 ut

471 5040 722 5110 Sidonius
751 5040 877 5110 alibi
934 5039 1188 5110 loquitur,
1238 5041 1355 5095 sitis
1403 5040 1770 5108 accipiendum
1798 5051 1899 5096 est.
1924 5040 2050 5096 Ideo

468 5109 752 5165 Facundos
780 5109 987 5165 Gallum
1009 5109 1188 5165 vocat.

540 5180 567 5219 ι»
594 5181 722 5236 Afer
749 5181 983 5237 Gillitani
1014 5182 1128 5237 sive
1149 5180 1434 5237 Guillensis
1462 5184 1513 5237 iit
1537 5183 1718 5236 Africa
1744 5181 2053 5235 monasterii

472 5253 822 5320 begumenus.
856 5252 1009 5308 Hunc
1055 5261 1114 5307 ut
1162 5253 1493 5308 incentorem
1547 5253 1823 5320 pravitatis
1855 5252 2055 5305 Rustici

469 5320 679 5377 diaconi
728 5320 950 5390 Vigilius
1002 5339 1123 5378 cum
1179 5324 1399 5380 Rustico
1447 5324 1564 5394 ipso
1601 5324 1889 5377 damnavit.
1921 5322 2055 5377 Cum

544 5502 560 5533 ¹
590 5499 806 5556 Mutilus
826 5498 996 5564 locus,
1028 5515 1183 5568 quem
1214 5499 1344 5554 vidit
1364 5497 1699 5568 Sirmondns,
1734 5510 1905 5564 neque
1928 5509 2046 5562 sup-

475 5572 612 5642 pleri
628 5580 802 5640 potest
825 5585 893 5627 ex
906 5572 1088 5627 codice
1108 5580 1313 5638 nostro,
1329 5573 1380 5625 in
1404 5583 1512 5640 quo
1532 5568 1639 5624 duo
1657 5567 1848 5637 integri
1865 5579 2051 5621 versus

2155 4686 2467 4757 trectare'ut,
2509 4686 2576 4749 in
2616 4686 3115 4765 exsiliuntejecttis
3140 4699 3227 4765 est
3266 4686 3759 4765 adigitirliangibi-

2152 4780 2257 4831 que
2306 4753 2587 4834 mortuus._
2638 4764 2818 4819 Victor
2871 4753 3756 4834 'l‘o'nonensis:1’._C."Bg§ilii_if.

2155 4824 2212 4888 C.
2245 4852 2382 4887 anno
2410 4837 2497 4897 17,
2543 4832 2695 4888 Fel.'a:
2739 4838 3047 4905 [tegumentis
3088 4824 3686 4905 intonasteriiCiliitgni
3708 4826 3760 4902 in

2154 4906 2334 4959 exsilio
2363 4894 2502 4976 apud
2544 4894 2825 4973 Sinopem'
2845 4904 2908 4957 de
2929 4901 3022 4956 Ital:
3051 4904 3151 4955 vita
3198 4900 3434 4971 migravit
3471 4899 3542 4948 ad
3574 4894 3762 4949 Domi-

2159 4993 2303 5030 καηι.

2230 5046 2526 5119 {Mutilum
2586 5047 2690 5101 hoc
2744 5046 3095 5119 localibrum
3141 5041 3331 5119 videri,
3364 5049 3417 5093 et
3457 5037 3622 5119 verba
3659 5035 3762 5119 ista

2160 5116 2434 5171 declarant
2460 5133 2579 5170 cum
2624 5117 2993 5185 superioribus
3047 5131 3149 5186 nun
3178 5109 3530 5186 coluere-tilia,
3560 5116 3616 5162 et
3652 5106 3764 5186 alia

2158 5203 2277 5255 qua:
2306 5198 2423 5257 post
2446 5187 2650 5255 aliquot
2682 5180 2918 5255 pagellas
2944 5188 3012 5241 de
3042 5184 3241 5239 Hilario
3266 5192 3319 5236 et
3344 5181 3579 5245 caeteris,
3607 5180 3769 5235 velut

2159 5269 2283 5314 ante
2303 5259 2467 5327 dicta,
2495 5266 2899 5313 commemorat.

2158 5493 2354 5562 injuria
2387 5494 2644 5563 temporis
2674 5491 2853 5547 detriti
2884 5499 3026 5543 sunt.

2233 5566 2255 5597 ⁸
2285 5565 2417 5620 Cod.
2457 5565 2678 5631 Verum,
2706 5563 2952 5633 insipiens
2976 5574 3085 5615 cor.

544 5778 572 5809 ⁸
606 5775 659 5829 ln
710 5776 847 5829 hunc
888 5776 1060 5829 locum
1095 5773 1293 5827 videsis
1330 5773 1580 5827 Mazocliii
1618 5770 2079 5828 Cotutttetttarium
2133 5769 2183 5823 in
2214 5776 2319 5823 γει.
2348 5784 2600 5824 marmor.
2654 5764 2938 5822 Calcudar.
2969 5761 3101 5820 ecel.
3136 5757 3358 5829 Neapol.
3408 5755 3511 5813 \‘Ul.
3542 5754 3572 5821 l,
3642 5771 3779 5824 μσς,

482 5849 600 5909 127,
632 5857 743 5904 not.
773 5848 863 5911 7U,
892 5857 943 5902 et
971 5860 1090 5911 pag.
1124 5847 1213 5908 δυ,
1237 5847 1297 5900 ad
1324 5846 1462 5900 diem
1496 5846 1555 5899 δι
1591 5842 1709 5899 Jan.
