3998 6202
245 317 348 372 8Ξτ

1435 310 1632 366 LIBER
1669 305 1942 363 CONTRA
1986 303 2362 362 MOCIANUM.

3409 301 3517 356 858

243 447 675 490 remmonrouem
707 429 930 496 prmberi
964 427 1336 490 mandaverat,
1361 443 1390 481 a
1435 425 1728 480 minoribus
1756 424 1820 476 ad
1855 428 1899 480 Α
1929 403 2211 476 clesiarum
2242 420 2431 474 doctor
2462 419 2713 484 llilarius,
2741 429 2796 474 et
2824 420 3007 475 eteteri
3033 421 3364 490 antiquiores
3386 436 3507 476 cum

243 526 449 595 majora
477 522 787 592 prosiliens,
813 522 983 590 ipsum
1010 519 1294 574 concilium
1325 519 1657 587 promulgato
1677 530 1828 584 spre-

244 618 322 669 vit
341 611 563 682 edicto),
595 611 842 666 eumdem
862 609 1142 672 Acacium,
1169 610 1422 679 quamvis
1444 608 1700 678 pradicto
1725 606 1826 658 Ze-

244 721 389 761 none
418 706 723 769 resistente,
755 702 1048 756 damnavit.
1082 700 1186 768 Qui
1217 711 1458 756 mortuus
1495 713 1707 770 quoque
1735 713 1829 767 per

245 797 459 854 libellos
483 795 900 851 ordiuandorum
924 791 1307 862 episcoporum
1332 809 1474 848 nunc
1503 809 1666 860 usque
1691 793 1831 844 dani-

248 904 410 948 natns
455 900 559 946 est.
613 893 678 942 At
726 898 1002 956 postquam
1043 886 1266 956 contigit
1297 895 1354 940 ut
1385 888 1437 940 in
1489 885 1685 940 libellis
1713 884 1826 937 suis

247 983 487 1055 episcopi
518 979 804 1037 ordinandi
832 979 1174 1034 Theodorum
1217 979 1648 1046 Mopsuestenutn
1705 991 1826 1029 cunt

247 1076 365 1129 suis
410 1073 774 1142 dgmatibus,
825 1081 881 1125 et
925 1069 1204 1138 epistolam
1262 1068 1390 1134 lbos,
1421 1081 1473 1122 et
1504 1068 1831 1122 Theodoreti

249 1168 448 1233 scripta
470 1165 810 1226 damnarent,
840 1169 1167 1230 memoratus
1190 1161 1417 1214 Aeacius
1439 1160 1595 1212 etalii
1621 1161 1832 1214 concilii

250 1254 705 1312 Chalcedonensis
722 1251 1037 1317 adversarii,
1061 1251 1391 1306 damnationi
1419 1250 1672 1304 subtraCti
1686 1259 1832 1304 sunt.

250 1349 390 1417 Quia
404 1347 562 1417 igitur
578 1343 914 1414 supradictus
934 1341 1101 1407 Zeno,
1127 1341 1268 1395 sedis
1283 1339 1590 1410 apostolicae
1620 1339 1835 1394 decreta

252 1453 625 1503 contemnens,
642 1433 1105 1506 praedictoAcacio
1116 1430 1566 1497 communicabat,
1583 1439 1637 1485 et
1649 1447 1834 1485 omnes

254 1530 525 1586 Ecclesias
557 1529 608 1582 in
633 1527 712 1580 sui
745 1526 892 1596 regni
935 1523 1127 1577 linibus
1153 1522 1464 1576 conStitutas
1489 1521 1626 1576 idem
1662 1519 1837 1575 facere

251 1619 926 1692 corripellebat,Anasta«io
939 1615 1200 1670 deindein
1241 1614 1521 1682 imperium
1543 1623 1598 1668 et
1625 1614 1675 1667 in
1703 1629 1839 1681 prac-

252 1718 614 1785 sumptionettt
643 1711 872 1768 sintilem
891 1709 1233 1774 succedente,
1262 1708 1437 1764 omnis
1459 1707 1672 1770 Oriens,
1701 1721 1838 1773 pra:~

1929 528 1993 566 eo
2024 511 2212 566 Patres
2240 525 2465 579 quorum
2511 525 2672 577 supra
2723 512 3086 568 meminimus.
3124 528 3227 566 non
3257 513 3512 568 observa-

1931 614 2121 660 verunt
2144 620 2264 674 qua:
2281 604 2346 658 ad
2375 605 2672 658 custodiam
2698 605 2964 673 pertinent
2993 606 3230 669 unitatis,
3264 616 3314 658 nt
3347 607 3519 674 prius-

1930 712 2088 764 quam
2112 696 2313 766 aliquid
2345 707 2531 750 contra
2557 696 2829 750 Nicamnm
2861 697 3144 751 concilium
3171 706 3514 763 statueretur,

1931 789 1998 843 ab
2039 805 2229 842 eorum
2274 790 2362 856 qui
2407 791 2519 841 haec
2573 789 2934 865 moliebantur
2985 805 3104 844 sese
3143 794 3518 846 cetnnmnione

1933 879 2330 934 subtraherent.
2383 878 2669 944 Quamvis,
2701 887 2760 933 ut
2806 880 3058 944 diximus,
3087 881 3185 949 ipsi
3219 881 3518 936 Donatistas

1933 981 2060 1027 ante
2087 972 2489 1038 damnaverint,
2524 984 2700 1027 tamen
2741 973 2980 1041 nunquid
3009 982 3066 1027 et
3109 975 3397 1042 apostolica
3427 989 3522 1031 se-
3606 972 3612 978 ’

1935 1064 2053 1131 des,
2087 1080 2206 1118 cum
2237 1075 2423 1132 postea
2457 1078 2554 1132 pro
2592 1064 2800 1119 violatis
2831 1064 3282 1120 Chalcedonensis
3304 1065 3516 1120 concilii

1936 1154 2165 1211 decretis
2195 1154 2480 1208 resistente
2529 1155 2746 1208 Zenone
2778 1155 3059 1208 damnaret
3097 1157 3370 1219 Acacium,
3407 1155 3520 1211 haec

1937 1257 2095 1316 atque
2125 1247 2428 1314 huiusmodi
2459 1245 2658 1314 sctipta
2675 1246 2812 1300 beati
2844 1247 3125 1312 Augustini
3149 1263 3254 1301 non
3287 1247 3518 1316 legerat;

1941 1340 2147 1394 tametsi
2176 1348 2390 1407 putetur
2421 1338 2595 1392 minus
2615 1355 2710 1406 per
2734 1337 3076 1404 setnetipsam
3111 1338 3407 1406 intelligere
3430 1353 3522 1407 po-

1941 1433 2106 1488 tuisse
2127 1448 2246 1501 tunc
2279 1431 2344 1486 ad
2385 1432 2780 1485 obseriantiant
2833 1432 3136 1499 pertineant
3183 1430 3422 1494 unitatis,
3466 1442 3523 1484 ut

1942 1526 2192 1580 Acacium
2229 1525 2532 1584 damnaret.
2566 1539 2722 1592 quem
2755 1523 2872 1577 sine
2897 1523 3062 1576 multo
3092 1522 3268 1575 tritiu-o
3297 1523 3518 1590 impera-

1944 1625 2028 1668 tor
2075 1615 2270 1684 expelli
2313 1631 2415 1667 non
2449 1614 2693 1667 sineret?
2731 1613 2834 1666 Sed
2887 1627 2986 1666 nec
3017 1612 3249 1665 [tertiana
3283 1612 3520 1665 Ecelesia

1945 1706 2292 1759 reconciliare
2323 1705 2505 1758 debuit
2531 1703 2763 1756 Orienti~
2795 1703 3080 1766 Ecclesias,
3108 1713 3155 1756 et
3187 1717 3276 1756 eas
3301 1702 3354 1756 in
3376 1718 3521 1756 com-

254 1825 338 1867 ter
368 1807 657 1864 a-lmodum
717 1819 916 1874 paucos
943 1803 1032 1871 qui
1061 1804 1112 1856 in
1157 1803 1247 1855 illa
1271 1799 1611 1854 multitudine
1633 1798 1830 1852 occulti
1870 1809 1916 1867 Β
1950 1797 2254 1851 munionetn
2279 1797 2376 1850 sub
2398 1795 2574 1848 debita
2598 1794 2966 1849 satisfactione
2997 1796 3264 1861 recipere;
3291 1793 3383 1846 sed
3419 1794 3520 1846 Ec-

256 1901 510 1962 latebant,
564 1911 593 1949 a
642 1896 1021 1951 communione
1071 1892 1215 1947 sedis
1259 1889 1566 1960 apostolica:
1595 1900 1834 1942 remorus

257 2007 353 2060 per
378 1990 447 2044 40
487 1987 664 2044 ferme
693 2000 864 2040 annos
915 2000 1085 2053 usque
1127 1982 1193 2036 ad
1223 1993 1465 2060 tempora
1493 1979 1682 2050 Justini
1711 1994 1835 2048 pero

257 2053 471 2138 iuansit.
527 2082 592 2136 Et
638 2095 760 2135 cum
790 2078 1004 2148 quidam
1052 2091 1148 2144 per
1181 2076 1310 2130 illud
1338 2053 1550 2144 tempus
1591 2072 1836 2142 ejusdem

258 2174 425 2243 partis
453 2172 687 2241 episcopi
739 2169 1175 2226 communionem
1227 2167 1372 2222 sedis
1399 2165 1710 2235 apostolica:
1737 2162 1838 2218 sibi

257 2285 321 2324 ac
364 2268 477 2322 suis
518 2264 772 2321 Eeclesiis
821 2263 1176 2330 postularent,
1228 2275 1336 2314 non
1393 2259 1837 2327 impetraverunt,

260 2361 431 2416 donec
483 2358 738 2425 principis
784 2354 983 2411 Justini
1031 2352 1364 2422 temporibus
1412 2349 1842 2405 Acaciidamna-

261 2452 393 2507 tioni
416 2448 838 2504 subscriberent.
869 2444 977 2499 Nec
1023 2452 1201 2497 tamen
1231 2442 1511 2511 quisquam
1543 2455 1724 2494 eorum
1756 2439 1840 2491 di-

262 2546 339 2598 xit
366 2563 378 2595 :
410 2541 520 2597 Nos
543 2541 746 2595 zizania
794 2551 900 2592 non
947 2550 1153 2600 sumus,
1176 2534 1268 2590 sed
1300 2533 1501 2586 zizania
1529 2531 1839 2592 toleramus,

263 2630 866 2714 uesimuleradicemus
893 2637 949 2684 et
975 2628 1232 2682 triticum.
1280 2625 1386 2680 Cur
1429 2636 1606 2676 autem
1662 2623 1844 2677 ethoc

263 2726 568 2796 apostolica:
610 2723 724 2779 sedi
757 2738 861 2777 non
900 2720 1160 2784 dicerent,
1209 2718 1251 2772 si
1274 2726 1328 2772 et
1356 2717 1549 2771 talibus
1573 2717 1748 2770 causis
1773 2715 1846 2770 si-

264 2816 509 2871 militudo
537 2815 634 2870 ista
659 2821 976 2881 congrueret
1005 2829 1018 2863 :
1054 2811 1164 2864 lmo
1198 2824 1296 2864 nos
1313 2819 1456 2861 recte
1479 2805 1720 2864 l'acimns,
1748 2819 1846 2860 nos

265 2909 322 2964 in
351 2908 617 2962 mandatis
641 2905 916 2974 Evangelii
950 2915 1349 2972 permanemus,
1376 2898 1466 2969 qui
1495 2898 1700 2952 zizania
1726 2899 1845 2952 tole-

263 3015 463 3065 ramus,
494 3013 653 3068 quam
702 3011 817 3060 vos,
849 2994 938 3064 qui
970 3009 1066 3063 pro
1090 2991 1308 3048 zizaniis
1349 2989 1505 3045 simul
1533 2987 1850 3044 eradicastis

265 3101 318 3145 et
344 3091 607 3156 triticum,
633 3095 726 3142 aut
745 3085 1072 3141 discessistis
1099 3099 1128 3137 a
1160 3081 1384 3138 tritico?
1409 3080 1545 3149 Quid
1577 3080 1732 3147 igitur
1761 3077 1850 3134 hic

1942 1889 2118 1943 clesiie
2147 1888 2324 1956 potius
2343 1887 2599 1950 Orientis,
2627 1903 2744 1956 qua:
2775 1887 2974 1941 zizania
3010 1886 3388 1947 toleraverant,
3415 1884 3524 1938 Ro-

1940 1995 2150 2034 manam
2185 1979 2472 2032 Ecclesiant
2523 1977 2872 2030 reconciliare
2919 1975 3221 2030 debuerunt
3264 1990 3294 2028 a
3344 1975 3515 2028 tritici

1940 2077 2260 2136 separatam.
2303 2069 2384 2122 Att
2417 2077 2696 2134 propterea
2748 2062 2950 2118 factum
2987 2081 3092 2118 non
3123 2074 3204 2119 est
3233 2064 3376 2132 quod
3426 2064 3526 2118 iste

1941 2161 2118 2214 adhuc
2149 2175 2241 2227 per
2293 2159 2582 2213 Ecclesium
2631 2156 2948 2212 catholicam
2981 2156 3119 2209 sicut
3166 2170 3306 2208 nunc
3337 2155 3528 2208 docere

1944 2269 2050 2308 non
2083 2253 2298 2320 posset?
2344 2261 2432 2303 aut
2467 2251 2643 2318 potius
2686 2250 2826 2318 quod
2859 2250 3082 2303 necdum
3138 2248 3204 2301 ad
3239 2248 3527 2302 licclesiam

1943 2344 2260 2398 catholicam
2312 2342 2616 2396 devenissct
2666 2341 2758 2410 qui
2819 2341 2956 2392 hanc
3015 2355 3319 2408 perversam
3371 2350 3530 2408 atque

1943 2438 2216 2491 confusam
2247 2435 2296 2491 ei
2338 2435 2450 2488 vult
2499 2432 2700 2487 inferre
2728 2432 3050 2496 doctrinam,
3081 2441 3136 2485 et
3193 2431 3394 2484 utinam
3427 2443 3530 2484 non

1950 2527 2235 2596 Augustini
2267 2527 2483 2581 nomine
2509 2523 2839 2579 enloratam‘i
2870 2523 2999 2577 Nam
3033 2523 3142 2576 vnlt
3185 2523 3531 2590 apostolicam

1946 2618 2150 2684 sedem,
2173 2632 2289 2686 qua:
2306 2625 2430 2670 tunc
2443 2615 2560 2669 aliis
2574 2615 2783 2682 culpam
2798 2613 3016 2678 dimisit,
3033 2613 3198 2680 ipsam
3220 2613 3392 2680 potius
3412 2627 3533 2668 cum

1945 2708 2155 2762 castoris
2187 2705 2278 2776 qui
2309 2705 2425 2774 ejus
2451 2704 2507 2757 in
2551 2703 2749 2757 Acacio
2793 2702 3114 2756 sententiam
3167 2709 3532 2764 servaverunt,

1946 2798 2107 2853 veluti
2141 2812 2234 2864 pro
2265 2796 2402 2850 iacto
2434 2794 2720 2848 schismate
2745 2791 2906 2845 fuisse
2927 2790 3276 2858 culpabilem;
3307 2799 3360 2843 et
3389 2804 3536 2843 more

1946 2905 2045 2944 suo
2076 2886 2279 2942 nemini
2333 2899 2584 2954 parcens,
2635 2884 2759 2939 illos
2790 2898 3000 2952 quoque
3021 2880 3322 2936 Orientales
3345 2879 3537 2958 quibus

1948 2979 2248 3049 petentibus
2291 2977 2509 3032 dimissa
2541 2984 2642 3041 est,
2693 2973 2859 3028 videri
2902 2971 3013 3025 vult
3059 2970 3124 3026 ad
3164 2968 3538 3025 scbismaticos

1951 3068 2322 3126 Occidentales
2376 3065 2542 3121 fuisse
2581 3077 2891 3130 conversos,
2922 3076 3058 3132 quos
3100 3061 3198 3128 ipsi
3225 3061 3290 3114 ad
3313 3076 3370 3114 se
3399 3077 3536 3114 con-

266 3182 525 3245 dicemns,
572 3151 805 3248 religiosi
852 3175 989 3230 ﬁlii?
1046 3173 1292 3243 Nunquid
1326 3187 1419 3240 per
1455 3179 1530 3225 tot
1582 3183 1843 3224 annorum
1871 3179 1918 3240 ο
1956 3171 2169 3217 vertere
2209 3159 2535 3215 debuerunt.
2593 3157 2660 3210 Et
2690 3156 2805 3210 haec
2847 3155 3062 3224 quidem
3104 3151 3258 3206 nobis
3287 3152 3351 3204 ad
3385 3152 3539 3204 istius

267 3273 436 3343 spatia
463 3286 568 3326 non
597 3278 681 3325 est
706 3270 952 3324 inventus
982 3268 1264 3336 quisquam
1305 3264 1359 3319 in
1399 3262 1653 3318 Romanis
1674 3277 1848 3316 sacer-

267 3363 506 3424 dotibus,
535 3378 567 3414 a
594 3360 772 3416 Felice
807 3357 984 3412 Acacii
1014 3356 1331 3410 damnatore
1361 3363 1387 3390 ἰ
1421 3368 1586 3419 usque
1612 3351 1678 3405 ad
1711 3350 1849 3404 Hor-

269 3455 520 3521 misdam,
558 3453 646 3522 qui
688 3450 922 3506 Orientis
970 3445 1340 3503 reconciliavit
1396 3443 1683 3508 Ecclesias,
1718 3443 1855 3496 inter

266 3562 403 3617 quos
435 3547 608 3599 fuerat
649 3544 790 3596 enim
821 3543 850 3577 ’*
876 3542 1064 3596 beatus
1087 3539 1329 3594 Gelasius
1357 3538 1408 3590 in
1431 3536 1714 3589 sanctitate
1735 3535 1856 3588 vita:

267 3651 426 3706 atque
474 3636 696 3691 scientia
756 3647 847 3701 per
876 3631 1188 3702 universum
1235 3629 1492 3682 mundum
1548 3625 1856 3680 celebrioris

267 3729 422 3795 latine
445 3727 611 3797 gloria
643 3725 985 3794 prtcdicatus,
1021 3737 1126 3776 non
1155 3729 1237 3775 est
1269 3724 1517 3773 inventus
1548 3719 1629 3771 vel
1662 3717 1711 3770 in
1746 3715 1855 3769 Ro-

218 3889 228 3900 .
268 3835 430 3873 inano
455 3819 620 3880 clero,
644 3817 659 3847 ‘
687 3814 988 3871 Christiana
1023 3811 1176 3880 plebe
1206 3810 1336 3866 inibi
1384 3809 1733 3870 consistente,
1777 3807 1855 3860 vel

270 3913 559 3968 incunctis
607 3907 1029 3965 occidentalibus
1089 3904 1361 3971 Ecclesiis,
1395 3902 1484 3972 qui
1523 3903 1604 3956 vel
1657 3909 1858 3953 tantum

265 4017 412 4065 esset
435 4022 532 4073 pro
557 4001 916 4059 Ecclesiarnm
948 3999 1154 4054 unitate
1173 3997 1434 4051 sollicitus
1464 4005 1718 4063 quantum
1751 4006 1859 4044 nta-

271 4101 433 4168 gister
457 4096 544 4150 hic
587 4108 756 4150 novus
798 4089 1104 4145 novissimis
1159 4085 1490 4157 temporibus
1518 4083 1858 4146 destinatus;

272 4200 327 4244 ut
384 4203 546 4244 nemo
603 4190 953 4254 cognosceret
1015 4188 1070 4234 et
1135 4178 1352 4232 doceret
1389 4174 1529 4244 quod
1581 4174 1634 4226 in
1676 4172 1859 4227 eadem

272 4294 484 4350 quoque
578 4289 736 4330 causa
826 4271 1090 4326 maletum
1189 4265 1497 4323 communio
1585 4264 1864 4317 toleranda

271 4374 434 4437 foret,
490 4385 558 4424 ne
585 4383 706 4423 cum
763 4363 982 4420 zizaniis
1009 4359 1377 4416 eradicaretnr
1422 4367 1475 4411 ct
1501 4353 1777 4410 triticum?
1817 4355 1862 4406 si

272 4464 352 4518 las
378 4471 462 4518 est
507 4458 734 4515 credere
763 4456 905 4526 quod
937 4453 1159 4509 scientia
1197 4460 1253 4506 et
1278 4449 1558 4519 disciplina
1588 4447 1862 4500 servandae

1956 3254 2346 3310 convictionem
2378 3249 2714 3317 sufﬁcerent,
2748 3249 2792 3303 si
2821 3246 3135 3311 adversarii,
3179 3262 3317 3313 quos
3339 3254 3393 3298 et
3427 3245 3542 3313 ipse

1956 3345 2136 3414 culpat
2165 3361 2268 3398 non
2303 3343 2596 3397 inferentes
2636 3337 2922 3394 anathema
2951 3334 3379 3391 Chalcedonensi
3410 3349 3544 3388 cou-

1957 3438 2100 3504 cilio,
2152 3451 2322 3504 neque
2368 3434 2419 3488 in
2469 3449 2565 3488 nos
2619 3447 2829 3498 omnes,
2885 3430 2982 3486 sed
3032 3428 3230 3499 aliquid
3286 3427 3546 3482 adversus

1958 3527 2072 3594 ejus
2085 3525 2455 3579 auctoritatem
2471 3532 2742 3590 gerentes,
2761 3521 2858 3588 ipsi
2880 3520 3052 3588 potius
3067 3535 3095 3572 a
3113 3517 3287 3582 nobis,
3303 3517 3401 3571 sub
3414 3531 3545 3569 ana-

1959 3618 2193 3672 themate
2229 3615 2636 3669 damnarentur.
2667 3611 2816 3665 Nune
2855 3619 3058 3678 autem,
3097 3610 3201 3663 illis
3249 3607 3410 3676 impie
3455 3621 3547 3676 ge-

1959 3707 2223 3773 rentibus,
2256 3715 2310 3759 et
2346 3719 2442 3758 nos
2483 3718 2547 3758 ac
2589 3703 2776 3756 Patres
2806 3709 3018 3754 nostros
3045 3695 3558 3754 anatlietnatizanti-'

1962 3801 2083 3863 bus,
2129 3812 2356 3866 seseque
2405 3810 2498 3863 per
2550 3794 2650 3847 hoc
2699 3790 2982 3845 anathema
3033 3789 3438 3858 segregantibus
3481 3786 3549 3839 ab

1963 3891 2213 3944 universa
2263 3885 2459 3941 Christi
2507 3881 2766 3948 Ecclesia,
2810 3896 2910 3935 nos
2949 3879 3038 3948 qui
3082 3879 3193 3932 Deo
3239 3883 3458 3946 regente
3498 3876 3550 3930 in

1965 3991 2182 4052 paterna
2231 3977 2497 4034 sententia
2545 3985 2600 4030 et
2641 3971 3019 4027 communione
3063 3977 3380 4037 perstamus,
3431 3980 3546 4032 IIOS,

1964 4077 2199 4142 inquam,
2245 4071 2296 4124 in
2335 4067 2574 4124 Ecclesia
2611 4065 2695 4118 cui
2725 4063 2990 4118 dederunt
3026 4058 3333 4122 anathema,
3364 4056 3551 4111 statui-

1964 4180 2084 4220 mus
2133 4161 2426 4218 secundum
2477 4158 2797 4213 Christiana:
2851 4153 3122 4223 religionis
3159 4150 3550 4206 observantiam

1967 4275 2074 4314 non
2107 4254 2504 4311 communicare
2533 4251 2601 4306 ab
2631 4247 2872 4310 Ecclesia
2900 4245 3216 4314 segregans.
3249 4243 3363 4298 Non
3393 4242 3553 4310 igitur

1963 4346 2049 4402 vel
2091 4346 2194 4400 hoc
2239 4343 2326 4399 iSti
2372 4339 2733 4396 concesserim
2789 4335 2844 4391 id
2892 4348 2990 4389 nos
3034 4332 3226 4388 iecisse
3259 4330 3400 4400 quod
3431 4343 3551 4382 cum

1964 4443 2077 4498 suis
2110 4439 2327 4506 collegis
2368 4437 2601 4490 llilarius
2644 4432 2792 4496 fecit,
2825 4429 2914 4501 qui
2945 4429 3092 4482 nullo
3118 4426 3294 4480 adhuc
3324 4425 3374 4478 itt
3410 4438 3551 4492 pra).

273 4553 497 4608 unitatis
540 4566 575 4604 a
624 4519 796 4604 beato-
834 4547 997 4614 coepit
1025 4546 1044 4575 ’
1072 4543 1385 4613 Augustino,
1426 4539 1577 4609 cujus
1603 4538 1860 4593 adversus
1893 4533 2223 4621 Djudicium
2276 4528 2476 4584 Niczcni
2529 4524 2742 4580 concilii
2797 4521 3114 4592 procedente
3169 4519 3385 4572 decreto
3429 4529 3553 4569 cum

275 4643 588 4701 Donatistas
634 4638 1008 4694 convenientia
1057 4635 1254 4704 scripta
1301 4628 1862 4687 inconvenienteriste

270 4749 452 4792 causa:
485 4735 729 4802 praesenti
756 4744 898 4784 nunc
931 4727 1071 4782 adbii
1093 4735 1168 4780 et.
1213 4724 1281 4780 Et
1308 4724 1426 4779 ideo
1449 4722 1736 4792 praclarus
1761 4720 1862 4775 Ec-

344 4951 370 4980 ι
408 4941 539 4994 Post
558 4932 1089 5006 epistolamiFelieis
1100 4929 1188 5006 ⁴111
1221 4941 1370 5006 papa:
1397 4925 1465 4979 ad
1521 4922 1864 5006 Acacium-Ade

272 4994 822 5084 ipsins__tlam'_natione
844 5005 1022 5084 datam
1067 4994 1333 5084 xeo-autin
1353 4997 1596 5084 consule.
1620 4994 1863 5073 sequitur

271 5064 552 5140 iii-codice
599 5080 810 5134 Sancta:
859 5074 1038 5129 Maria:
1068 5068 1424 5140 \’irdunensis_
1460 5067 1690 5140 edictum
1722 5064 1865 5140 ejus-

272 5135 399 5208 dem
433 5151 712 5220 perbreve,
760 5146 995 5202 nondum
1049 5143 1308 5197 hactenus
1339 5138 1464 5208 vulg
1485 5149 1631 5202 itum,
1667 5135 1719 5188 in
1752 5135 1866 5188 lucc

271 5224 525 5354 Ertio};
556 5297 816 5344 sententia:
846 5286 1033 5339 Felicis
1059 5299 1206 5350 papa:
1235 5282 1480 5354 directum
1510 5286 1711 5354 promer
1732 5275 1864 5328 Aca-

406 5363 476 5416 cii
496 5361 722 5429 episcopi
754 5349 1306 5425 Constantinopoutani
1333 5349 1736 5421 damnationem.

355 5572 370 5602 ’
396 5565 531 5621 Cod.
565 5563 791 5625 Veron.,
819 5567 1053 5628 onmiqite
1083 5557 1378 5612 Christiana
1403 5553 1564 5626 plebe.

352 5643 374 5674 ⁸
408 5639 552 5693 Mem
579 5634 728 5698 Cud.,
756 5633 980 5702 (tepuit.

362 5818 380 5840 ‘
408 5807 716 5878 chendum
742 5803 878 5863 forte
907 5804 1082 5860 etiam.

1971 4627 2139 4696 prima
2197 4621 2588 4676 contrariorum
2647 4614 2922 4670 molimina
2980 4610 3446 4681 prtesnmpsissent
3492 4605 3554 4670 ³,

1971 4723 2398 4788 properaverant
2435 4709 2502 4765 ab
2545 4723 2731 4764 eorum
2773 4720 2832 4760 se
2882 4703 3259 4758 communione
3297 4685 3558 4752 dividere.

2049 4936 2069 4971 ι
2098 4915 2341 4979 Aeacius,
2370 4911 2460 4982 qui
2491 4908 2728 4982 secundo
2757 4923 2786 4982 ξι
2820 4905 2973 4962 nobis
3002 4903 3304 4958 admonitus
3331 4903 3558 4982 statuto-
3593 4912 3602 4922 '

1973 5006 2090 5043 rtnn
2121 4980 2414 5041 salubrium
2446 4997 2550 5037 non
2599 4980 2801 5034 destitit
2836 4992 2956 5032 csse
2981 4984 3336 5039 contemptor,
3367 4981 3558 5043 meque

1974 5038 2441 5114 ii'i'iiiéts'éiéetdn
2485 5048 2946 5109 carcerizandmn,
2984 5047 3122 5096 hunc
3177 5038 3316 5094 Dens
3340 5038 3556 5114 ctelitus

2209 5108 2472 5200 sententia
2495 5126 2561 5176 de
2595 5118 2895 5200 sacerdotio
2923 5108 3060 5200 fecit
3073 5121 3385 5200 extorrem:

1973 5179 2024 5256 Ei
2045 5179 2180 5270 quis“
2212 5179 2522 5265 episcopus,
2572 5193 2821 5270 clericus.
2878 5184 3190 5262 monachus,
3219 5179 3408 5260 laicus,
3438 5185 3559 5245 post

1982 5250 2612 5324 harie-vden'untia'tionen't
2659 5259 2830 5313 eidem
2881 5250 3386 5317 communicaverit,
3433 5261 3556 5302 ana-

1978 5343 2158 5398 thema
2185 5338 2254 5392 sit
2280 5333 2483 5405 Spiritu
2504 5340 2690 5387 sancto
2721 5331 3068 5394 exsequente.
3099 5341 3119 5376 ι

2049 5539 2068 5570 ³
2108 5535 2241 5592 Cod.
2277 5533 2496 5599 Verum,
2526 5528 2926 5601 praemisissent.
