3998 6202
429 327 530 387 889

1544 321 1840 382 FACUNDI
1870 320 2086 379 EPISC.
2118 320 2633 379 ‘liEliMlAhENSlS

3593 317 3699 375 860

431 453 548 507 Non
591 449 677 505 isti
715 446 1073 507 concesserim
1130 444 1269 512 quod
1311 444 1559 501 Africana
1591 444 1828 501 Ecclesia
1860 458 1920 499 se
1948 443 2017 498 ab
2045 449 2092 505 A
2118 452 2337 514 geretur
2364 446 2482 512 ejus
2509 444 2819 497 auctoritas.
2865 440 3065 498 Deinde
3097 440 3273 497 videte
3325 439 3470 510 quod
3500 454 3606 495 non
3637 442 3703 497 ab

438 538 897 609 impugnatoribus
938 535 1397 591 Chalcedonensis
1444 538 1656 592 concilii
1703 551 2019 606 segregave-

433 633 542 696 rit,
585 631 678 685 sed
731 629 907 698 potius
951 629 1094 698 quod
1137 631 1244 695 jam
1295 630 1589 698 segregans
1626 629 2021 683 communicare

431 723 693 778 vitaverit.
738 722 893 777 Unde
939 721 1321 790 acceptabilius
1363 732 1539 790 potest
1582 723 1861 789 quisquam
1901 719 2023 774 dili-

430 815 639 883 gentior
663 824 718 868 et
746 813 801 867 in
832 814 949 868 zelo
982 814 1073 868 Dei
1101 814 1406 877 ferventior,
1432 815 1676 883 exemplo
1694 814 1903 878 Hilarii,
1923 827 2020 867 nos

431 907 499 960 de
531 907 783 959 tarditate
820 905 1063 972 culpare,
1105 921 1264 975 quam
1304 906 1373 962 de
1403 907 1692 960 schismate
1726 906 1807 958 vel
1843 906 1909 959 de
1940 905 2021 960 fe-

432 997 720 1050 stinatione
750 996 1023 1049 Mocianus
1053 1012 1298 1062 arguere.
1334 997 1465 1062 Quis
1494 1012 1677 1065 porro,
1707 996 1807 1049 nisi
1837 1009 2023 1050 vecors

435 1104 499 1142 ac
548 1089 649 1143 sibi
690 1089 926 1157 sapiens,
970 1099 1043 1152 et,
1086 1091 1219 1141 sicut
1264 1088 1394 1142 dicit
1432 1091 1715 1158 Apostolus
1753 1104 1769 1142 :
1808 1088 2024 1140 Frustra

435 1180 646 1247 inﬂatus
676 1196 831 1232 sensu
854 1182 1023 1232 carnis
1043 1195 1149 1232 sure
1168 1178 1385 1247 (Coloss.
1416 1194 1475 1245 tt,
1512 1180 1625 1246 18),
1653 1187 1838 1231 contra
1863 1177 2025 1231 totius

435 1264 696 1324 Ecclesiae
722 1269 1003 1338 judicium,
1037 1285 1141 1323 non
1176 1271 1470 1338 respiciens
1499 1269 1584 1323 vel
1615 1270 1813 1323 exitum
1845 1282 2022 1322 rerum

435 1362 522 1428 qui
574 1373 897 1415 consecutus
937 1371 1039 1424 est,
1088 1363 1485 1429 reprehendere
1532 1363 1727 1417 audeat
1767 1362 2023 1416 Hilarium

437 1453 751 1515 prudentem
800 1466 863 1504 ac
914 1452 1248 1506 moderatum
1290 1452 1701 1523 gubernatorem
1746 1452 2029 1520 Ecclesiae,

438 1541 525 1608 qui
554 1556 726 1609 neque
749 1541 874 1609 ipsis
900 1542 1192 1596 Galliarum
1215 1543 1661 1612 episconis,quod
1687 1558 1780 1597 eos
1803 1543 1855 1595 in
1880 1550 2033 1596 tanta

438 1646 597 1685 causa
639 1632 867 1686 tacuisse
913 1634 1179 1694 crederet,
1224 1649 1321 1688 nec
1372 1633 1693 1688 adversariis
1742 1632 2024 1698 restitisse,

438 1723 631 1778 litteris
672 1726 863 1778 saltem
905 1726 1305 1781 communicare
1348 1726 1664 1795 pertulerit?
1692 1736 1779 1777 aut
1811 1725 1933 1794 quis
1963 1723 2028 1777 il-

2124 537 2230 591 isto
2258 551 2401 590 nunc
2444 537 2701 591 discimus
2728 535 2849 604 quia
2880 550 2977 602 pro
3008 534 3259 589 Ecclesia:
3280 533 3485 587 unitate
3504 534 3701 589 ferendi

2123 638 2246 682 sunt
2274 628 2419 695 mali,
2463 629 2602 682 sicut
2640 628 2823 682 docuit
2862 625 3209 695 Augustinus.
3249 625 3380 681 Nam
3404 640 3531 680 eum
3560 627 3701 682 disi:

2124 721 2237 791 Ego
2268 722 2410 775 cnim
2455 720 2628 775 fateor
2664 719 2980 788 simpliciter
3013 719 3328 774 beatitudini
3357 729 3577 786 vestrm,
3607 736 3704 775 non

2120 829 2222 883 pro
2252 814 2518 868 Theodori
2553 812 2914 883 Mupsuesteni
2955 812 3303 867 damnatione
3348 827 3437 868 me
3483 828 3514 866 a
3562 827 3707 866 com-

2124 906 2381 960 munione
2410 905 2887 959 contradicentium
2941 903 3291 969 subtraxisse,
3327 903 3430 958 hoc
3459 903 3603 957 enim
3632 906 3709 958 vel

2123 997 2166 1049 si
2193 996 2594 1065 approbaudum
2632 1010 2736 1049 nou
2775 997 2862 1061 sit,
2901 994 3180 1048 ferendum
3219 1004 3394 1049 tamen
3438 995 3709 1062 existimo,

2126 1105 2224 1143 nec
2255 1099 2457 1144 tantam
2492 1105 2612 1143 esse
2638 1102 2854 1142 causam
2883 1088 3091 1156 judico,
3136 1101 3233 1156 pro
3264 1102 3367 1153 qua
3395 1086 3711 1142 deberemus

2124 1194 2153 1233 a
2181 1179 2561 1234 communione
2594 1179 2946 1233 multitudinis
2984 1177 3252 1248 segregari
3272 1220 3287 1245 ,
3315 1176 3581 1231 doctrina:
3613 1181 3712 1230 An-

2128 1270 2323 1339 gustini
2352 1284 2642 1324 memorem
2674 1283 2759 1323 me
2788 1268 2949 1322 fuisse
2976 1266 3291 1320 monstravi.
3323 1266 3428 1321 Sed
3461 1267 3711 1335 quoniam

2125 1369 2180 1414 et
2202 1360 2405 1414 Hilario
2431 1359 2659 1427 ejusque
2680 1358 2903 1426 collegis
2924 1357 3230 1411 contrarius
3256 1370 3376 1411 esse
3399 1371 3509 1411 non
3535 1356 3712 1421 debui,

2125 1453 2215 1522 qui
2242 1466 2363 1505 cum
2394 1452 2578 1519 procul
2607 1450 2774 1505 dubio
2804 1449 3001 1503 multos
3034 1457 3090 1503 et
3122 1449 3221 1517 ipsi
3256 1447 3427 1502 malas
3454 1448 3508 1501 in
3536 1448 3713 1502 Eccle-

2127 1542 2222 1597 slis
2264 1543 2285 1573 ²
2332 1541 2633 1605 sufferreut,
2690 1540 3175 1609 schismatieosque
3221 1538 3569 1602 damnarent,
3614 1554 3717 1594 non

2131 1642 2306 1687 tamen
2341 1631 2593 1686 ferendos
2620 1631 2993 1702 judicaverunt
3018 1644 3137 1685 esse
3164 1628 3187 1661 '
3214 1630 3333 1684 illos
3358 1630 3718 1684 Ecclesiarunt

2130 1724 2471 1794 praepositos,
2494 1722 2582 1792 qui
2605 1724 2719 1776 suis
2741 1722 2974 1777 decretis
2996 1722 3365 1776 auctoritatem
3388 1720 3722 1791 generalium

442 1815 552 1868 lum
604 1830 710 1868 non
758 1816 967 1868 audens
1012 1816 1426 1884 reprehendere,
1461 1816 1763 1870 Africanam
1796 1815 2026 1869 levitatis
2058 1806 2106 1864 Β
2131 1815 2484 1885 synodorum,
2518 1828 2618 1883 per
2662 1828 2795 1882 quas
2842 1813 3078 1867 ntunitnr
3109 1812 3366 1879 Ecclesia,
3394 1824 3721 1866 conarentur

441 1908 526 1958 vel
552 1906 899 1972 impatienlize
925 1907 1281 1973 reprehendat
1309 1908 1601 1963 Ecclesiam
1622 1925 1635 1972 ;
1660 1923 1777 1976 qua:
1799 1922 1904 1961 non
1930 1907 2030 1960 nisi

442 2004 632 2065 aperto
654 1996 761 2065 jam
792 1998 1239 2066 promulgatoqne
1267 1998 1486 2052 decreto
1525 1999 2045 2051 anathematizatum

442 2090 628 2142 videns
658 2090 1092 2144 Cliali-edoneuse
1138 2090 1448 2157 Concilium,
1479 2100 1534 2145 et
1573 2106 1758 2144 omnes
1794 2089 1880 2159 qui
1918 2089 2035 2159 cjus

442 2182 763 2234 sententiam
798 2190 997 2243 tenent,
1028 2181 1433 2236 damnatoribus
1481 2183 1694 2235 Purum
1726 2197 1941 2235 suorum
1973 2196 2035 2236 ac

443 2272 553 2325 suis
582 2273 979 2326 communicare
1007 2273 1209 2335 vitavit,
1235 2288 1337 2325 non
1367 2276 1513 2341 quasi
1544 2273 1819 2339 Augustini
1848 2273 2036 2326 adver-

445 2377 536 2415 sus
572 2362 871 2416 Donatistas
900 2363 1155 2416 doctrina:
1183 2364 1472 2427 contraria,
1502 2367 1593 2417 sel
1632 2364 1815 2416 llilarii
1851 2365 1866 2395 ¹
1898 2378 2033 2417 eon-

450 2462 531 2505 tra
587 2452 988 2521 impugnatores
1038 2453 1353 2507 universalis
1404 2454 1591 2524 synodi
1642 2452 2034 2507 observantiam

447 2543 777 2595 consecuta?
804 2542 867 2596 Ut
895 2552 1071 2597 autent
1103 2545 1361 2598 noveritis
1391 2544 1658 2612 quomodo
1692 2546 1742 2597 in
1773 2544 2038 2611 adjutorio

451 2632 541 2685 Dei
574 2633 661 2700 qui
694 2647 790 2685 nos
821 2634 955 2701 regit
986 2648 1049 2687 ac
1074 2634 1273 2703 dirigit,
1302 2636 1652 2701 Augustinum
1698 2634 2040 2690 concorditer

449 2723 820 2790 ll-Jariumque
850 2738 1141 2785 sectemur,
1170 2740 1268 2779 nec
1296 2740 1391 2780 eos
1432 2727 1530 2781 sibi
1568 2726 1712 2780 velut
1742 2727 2039 2782 contrarios

449 2827 802 2878 opponantns,
852 2821 909 2865 ut
955 2814 1126 2868 altero
1171 2815 1465 2883 approbato
1507 2816 1868 2882 improbemus
1905 2819 2039 2872 alte-

452 2917 593 2965 runt,
631 2904 729 2955 sed
763 2918 858 2972 pro
897 2919 1177 2958 causarum
1223 2906 1534 2960 diversitate
1564 2918 1844 2975 utrumque
1874 2923 2044 2962 secze—

453 3011 591 3057 mur,
623 2996 848 3065 accipite
870 3013 987 3067 quae
1016 2999 1069 3052 in
1095 2998 1297 3067 judicio
1328 3001 1491 3068 ipsius
1525 3000 1696 3069 Vigi’ii
1724 3010 1746 3036 α
1775 3001 1913 3054 inter
1937 3002 2042 3056 alia

2135 1906 2427 1975 infringere
2455 1924 2467 1958 :
2496 1914 2777 1975 propterea
2807 1915 3023 1958 secutus
3051 1904 3246 1973 adjeci,
3276 1903 3464 1959 dicens
3487 1904 3613 1958 ideo
3641 1920 3722 1961 me

2135 1998 2355 2051 istorum
2412 1996 2613 2067 vitasse
2669 1994 3141 2057 communionem,
3196 1995 3316 2062 quia
3372 2010 3438 2051 ex
3496 2009 3722 2064 persona

2133 2086 2402 2142 Theodori
2427 2088 2706 2155 episto'aut
2726 2086 2865 2151 Ihm,
2885 2086 2937 2139 in
2967 2100 3071 2154 qua
3097 2085 3212 2154 ejus
3238 2086 3481 2140 doctrina
3517 2087 3723 2140 laudata

2134 2194 2236 2243 e5t,
2264 2180 2632 2233 Nestmianam
2668 2179 2894 2246 probare
2924 2179 3100 2231 conati
3143 2186 3286 2244 sunt,
3317 2188 3375 2233 et
3400 2193 3470 2232 ex
3501 2180 3725 2246 epistula

2138 2270 2240 2324 ibas
2284 2270 2544 2338 synodum
2584 2284 2612 2322 a
2660 2285 2761 2336 qua
2808 2278 3055 2339 suscepta
3102 2278 3184 2324 est
3222 2270 3553 2339 improbare.
3598 2270 3723 2325 Nam

2137 2377 2255 2430 qua:
2295 2363 2397 2414 alia
2443 2375 2605 2415 causa
2656 2360 2821 2415 fuisse
2858 2361 3080 2415 dicenda
3111 2370 3215 2425 est,
3246 2371 3304 2416 ut
3344 2372 3471 2431 post
3510 2374 3724 2417 centum

2138 2464 2192 2507 et
2229 2452 2413 2519 viginti
2466 2465 2577 2505 suae
2622 2450 2984 2505 defunctiouis
3028 2464 3203 2505 annos
3226 2451 3583 2506 damnaretur
3608 2467 3724 2507 cum

2138 2543 2482 2611 dogmatibus
2526 2543 2640 2596 suis
2671 2545 2958 2611 episcopus
2986 2543 3040 2597 in
3074 2542 3329 2598 Ecclesiae
3370 2560 3505 2613 pace
3539 2545 3722 2600 defun-

2141 2646 2281 2699 ctus,
2311 2634 2401 2687 vel
2427 2634 2654 2699 epistola
2685 2634 2841 2704 cujus
2866 2644 3055 2689 auctor
3085 2634 3320 2691 incertus
3349 2637 3586 2691 dicitur?
3606 2638 3724 2715 μου

2141 2726 2284 2781 enim
2331 2724 2416 2780 vel
2460 2724 2563 2781 hoc
2594 2725 2826 2779 fatentur
2862 2726 3003 2795 quod
3046 2725 3152 2781 Iba;
3189 2727 3279 2793 sit,
3311 2729 3404 2783 sed
3435 2730 3583 2799 quod
3612 2730 3725 2799 ejus

2142 2830 2262 2871 esse
2288 2814 2516 2869 dicatur.
2553 2818 2655 2870 Aut
2684 2830 2778 2869 cur
2809 2824 3076 2872 tantorum
3121 2818 3172 2871 in
3216 2819 3315 2874 hoc
3354 2820 3724 2889 episcoporum

2143 2906 2463 2976 sultsctiptio
2490 2920 2844 2978 quereretur,
2873 2911 2973 2964 nisi
3002 2910 3126 2979 quia
3158 2927 3263 2966 non
3296 2927 3606 2981 paucorum,
3633 2914 3730 2970 sed

2145 2999 2503 3054 multitudinis
2536 3013 2834 3055 consensus
2878 3002 3229 3069 prtejudicare
3266 3014 3447 3072 posset
3476 3007 3727 3059 universo

452 3084 647 3141 fuerim
680 3098 1018 3154 prosecutus,
1048 3090 1181 3144 sicut
1207 3089 1364 3145 editae
1389 3090 1541 3145 nobis
1570 3092 1638 3146 ab
1667 3091 1844 3146 ofﬁcio
1872 3094 2041 3146 tertiae
2077 3158 2112 3168 Α
2146 3092 2409 3147 concilio?
2444 3093 2507 3147 Et
2536 3092 2787 3161 quoniam
2813 3093 2973 3163 judes
3004 3094 3104 3148 hoc
3141 3110 3200 3149 se
3227 3098 3436 3151 nescire
3476 3098 3731 3168 tingebat,

454 3179 678 3233 actimis
706 3191 852 3248 gesta
883 3180 1177 3235 declarant.
1217 3200 1236 3233 σ
1272 3182 1423 3246 Peto,
1463 3183 1704 3251 inquam,
1737 3184 1803 3237 de
1835 3182 2039 3251 justitia
2068 3158 2309 3253 Cpetivi
2336 3183 2493 3236 simul
2516 3158 2580 3237 ac
2602 3183 2713 3237 dixi
2734 3200 2753 3237 »τ
2778 3158 2941 3240 εἸΙοο
2970 3200 3103 3255 ergo
3131 3188 3363 3257 primum
3386 3203 3472 3245 me
3500 3158 3733 3245 demon-

452 3284 651 3340 vestra,
683 3285 859 3330 utrum
906 3284 1151 3345 suscepta
1200 3278 1268 3330 sit
1307 3292 1334 3330 a
1377 3278 1581 3347 synodo
1612 3277 2041 3332 Chalcedonensi

452 3366 679 3434 cpistola
730 3367 859 3429 lbrc,
890 3383 1007 3436 qua:
1038 3368 1180 3421 velut
1210 3368 1523 3422 Nestotiana
1552 3369 1801 3422 damnata
1829 3379 1930 3433 e.~t,
1964 3369 2045 3423 in-

455 3458 709 3523 quiratis;
739 3467 793 3510 et
822 3458 947 3512 dum
979 3460 1283 3513 constiterit
1312 3474 1417 3514 non
1448 3462 1638 3515 obesse
1668 3462 1874 3532 synodo
1902 3462 2043 3531 quod

456 3562 580 3617 pars
624 3549 849 3603 adversa
891 3549 959 3604 de
1002 3549 1269 3605 Theodori
1303 3566 1529 3620 persona
1576 3554 1842 3622 proponit,
1874 3555 1951 3609 sic
1981 3568 2044 3609 ea

455 3656 574 3706 qua
602 3641 839 3713 proferre
869 3643 1059 3698 volunt
1082 3644 1241 3713 relegi
1271 3646 1592 3714 permittatis
1620 3662 1635 3699 :
1668 3661 1734 3700 ne
1764 3646 1898 3700 forte
1926 3661 2045 3715 qua:

454 3726 687 3803 aguntur
728 3737 793 3790 ad
840 3737 1272 3793 retractationem
1304 3739 1587 3793 videantur
1617 3750 1925 3793 memt~ratm
1954 3754 2045 3810 sy—

456 3829 580 3882 nodi
614 3829 899 3897 pertinere.
951 3831 1061 3898 Ego
1102 3831 1244 3885 enim
1278 3830 1449 3884 fateor
1478 3830 1791 3899 simpliciter
1818 3829 2046 3883 beatitu-

455 3918 565 3972 diui
610 3934 820 3985 vestrm,
852 3934 956 3973 non
992 3935 1087 3989 pro
1124 3921 1391 3976 Theodori
1425 3921 1783 3989 Mopsuesteni
1815 3920 2042 3974 damna-

386 4020 391 4025 ·
457 4012 603 4065 tione
630 4028 712 4065 me
734 4025 761 4063 a
785 4013 1265 4067 coatradicentium
1290 4015 1667 4067 communione
1690 4012 2043 4066 subtraxisse.

458 4099 571 4154 Hoc
619 4102 761 4154 enim
812 4103 895 4154 vel
945 4102 988 4154 si
1040 4103 1439 4170 approbandum
1484 4117 1589 4156 non
1632 4103 1724 4169 sit,
1771 4101 2047 4157 ferendum

464 4201 641 4245 tamen
669 4193 944 4258 existimo,
976 4208 1075 4248 nec
1106 4201 1303 4246 tantam
1338 4209 1458 4248 esse
1486 4207 1698 4247 causam
1720 4193 1921 4261 judico,
1954 4207 2051 4263 pro

460 4301 562 4353 qua
610 4286 930 4339 deberemus
975 4301 1005 4339 ει
1050 4285 1431 4340 communione
1470 4286 1825 4340 multitudinis
1869 4300 2052 4357 segre-

457 4376 592 4443 gari.
637 4377 741 4429 Sed
788 4378 911 4444 quia
950 4391 1019 4429 es
1065 4390 1296 4444 persona
1336 4376 1606 4431 Theodori
1636 4376 1915 4445 epistolam
1946 4377 2051 4431 Iba:

458 4467 822 4521 Nestorianam
866 4468 1092 4535 probare
1134 4471 1309 4523 conati
1341 4479 1485 4535 Sunt,
1515 4478 1570 4524 et
1594 4488 1658 4526 ex
1689 4472 1910 4540 cpistola
1942 4471 2044 4526 lbra

2144 3283 2318 3328 strare
2348 3274 2643 3344 prmeipite,
2671 3282 2732 3329 ut
2760 3276 2979 3332 doceant
3013 3278 3148 3334 false
3176 3283 3354 3351 negari
3386 3283 3525 3352 quod
3553 3298 3585 3337 a
3605 3298 3734 3339 san-

2144 3379 2227 3424 cta
2273 3369 2480 3441 synodo
2510 3370 2933 3427 (.‘ltalcedonensi
2976 3383 3190 3443 recepta
3224 3377 3401 3443 fuerit,
3453 3390 3507 3432 et
3553 3380 3733 3433 omnia

2144 3460 2630 3516 contradicentium
2662 3461 2913 3532 ﬁgmenta
2945 3465 3279 3536 redarguam,
3311 3468 3505 3537 quibus
3530 3484 3644 3524 eam
3672 3472 3735 3527 in

2146 3555 2561 3632 destructionem
2607 3556 2798 3627 synodi
2849 3557 3305 3616 Chalcedonensis
3343 3564 3491 3618 velut
3519 3566 3735 3634 impiam

2146 3647 2559 3703 damnaverunt.
2592 3666 2610 3701 ι
2640 3648 2746 3704 Sed
2773 3652 3026 3718 quoniam
3063 3653 3268 3708 occulta
3301 3654 3419 3723 ejus
3445 3666 3568 3712 ante
3592 3656 3736 3727 judi-

2148 3741 2287 3795 cium
2328 3741 2646 3810 pollicitatio
2692 3743 2991 3809 tenebatur,
3018 3744 3069 3799 in
3099 3762 3199 3815 qua
3238 3761 3303 3803 se
3336 3750 3615 3818 spopondit
3644 3767 3737 3805 ea-

2148 3831 2269 3887 dem
2301 3833 2531 3901 capitula
2565 3835 2963 3900 damnaturum,
2993 3845 3048 3891 ut
3076 3851 3135 3891 se
3162 3838 3309 3907 quasi
3356 3854 3453 3907 per
3490 3840 3737 3908 ignoran-

2151 3921 2278 3975 tiam
2330 3934 2511 3991 posset
2553 3923 2788 3988 abluere,
2832 3925 3201 3993 probationem
3228 3942 3387 3997 quam
3420 3927 3737 3997 offerebam,

2151 4027 2420 4082 quamque
2463 4014 2576 4082 ipse
2624 4014 2886 4069 instanter
2927 4015 3144 4086 exigere
3190 4015 3395 4083 debuit,
3440 4035 3526 4074 me
3560 4018 3740 4075 facere

2152 4120 2259 4160 non
2301 4104 2563 4175 permisit.
2612 4104 2719 4160 Sed
2758 4105 2923 4175 gestis
2958 4104 3025 4159 de
3055 4106 3231 4161 medio
3270 4108 3516 4172 sublatis,
3547 4111 3741 4180 quibus

2152 4211 2311 4251 causa
2357 4206 2596 4265 cmperat
2640 4197 2860 4268 aperiri,
2892 4206 2946 4252 et
2985 4198 3282 4270 interrupto
3321 4216 3419 4256 suo
3453 4202 3673 4272 judicio,
3707 4220 3741 4259 a

2153 4289 2552 4344 considentibus
2569 4290 2833 4358 episcopis
2858 4290 3130 4359 ﬂagitavit,
3155 4301 3211 4346 ut
3235 4292 3361 4361 quid
3384 4295 3462 4349 eis
3490 4294 3556 4349 de
3576 4310 3741 4349 causa

2154 4382 2428 4437 videretur
2457 4382 2661 4452 prolata
2697 4381 2920 4451 quisque
2951 4382 3001 4436 in
3033 4383 3248 4452 scriptis
3292 4387 3637 4453 responsione
3663 4388 3745 4439 si-

2155 4482 2365 4542 gnaret.
2390 4473 2457 4525 Et
2476 4472 2597 4542 quia
2618 4472 2693 4526 illi
2715 4473 2949 4542 episcopi
2974 4476 3203 4530 maxime
3222 4473 3745 4545 Constantinopolim

457 4559 721 4631 synodum
751 4574 779 4611 a
809 4576 909 4629 qua
956 4571 1201 4631 suscepta
1231 4572 1313 4618 est
1336 4564 1659 4632 improbare.
1697 4582 1716 4616 ι
1751 4565 1804 4619 In
1846 4565 1927 4619 his
1953 4564 2053 4618 ita-
2082 4532 2128 4591 υ
2158 4574 2502 4619 occurrerant
2532 4565 2584 4617 in
2612 4564 2730 4633 ejus
2764 4563 3072 4633 adventum,
3107 4581 3332 4635 quorum
3380 4568 3525 4622 nulla
3560 4567 3613 4622 itt
3643 4567 3749 4624 hac

459 4665 567 4719 que
592 4649 774 4704 verbis
813 4650 947 4704 meis
978 4653 1302 4723 cognoscitis
1341 4654 1606 4723 imprimis
1643 4669 1739 4725 pro
1775 4663 1917 4710 statu
1958 4671 2049 4727 ge-

464 4740 663 4796 neralis
690 4743 879 4812 synodi
912 4758 997 4798 me
1021 4744 1183 4801 fuisse
1206 4747 1511 4811 sollicitum,
1536 4763 1605 4802 ne
1628 4746 1769 4817 quod
1794 4748 2048 4817 Acepbali

461 4847 678 4905 setnper
705 4835 1052 4904 qumsieruut,
1088 4838 1140 4891 in
1174 4838 1605 4896 rctractationem
1637 4840 1864 4896 deducta
1905 4840 2050 4897 fran-

534 5103 561 5131 ι
600 5096 724 5151 Hice
754 5096 839 5167 illa
867 5105 949 5151 e<t
972 5095 1144 5167 Vigilii
1173 5095 1309 5167 apud
1340 5093 1854 5167 Constantinopolim
1882 5110 2049 5165 syno-

461 5166 582 5231 dus,
611 5168 763 5234 cujus
807 5166 942 5221 facta
986 5164 1066 5221 est
1115 5166 1315 5221 mentio
1346 5168 1395 5218 in
1436 5164 1748 5233 prtefatione
1789 5164 2045 5219 librorum

464 5235 842 5290 19:.4dductus
874 5248 965 5299 est,
996 5239 1187 5307 inquit,
1218 5237 1479 5290 Romanus
1509 5236 1796 5307 cpiscOpus,
1825 5235 1877 5286 in
1900 5237 2050 5306 cujus

461 5308 693 5359 examine
730 5324 843 5360 cum
885 5309 1035 5375 gestis
1074 5306 1227 5373 super
1282 5307 1379 5359 hac
1419 5322 1575 5358 causa
1616 5306 2047 5371 disceptaremns,

465 5376 719 5447 mediante
743 5381 984 5443 conﬂictu
1013 5379 1314 5447 interrumpi
1334 5385 1451 5430 acta
1484 5377 1745 5446 prwccpit,
1772 5385 1817 5428 ct
1846 5376 1906 5427 ub
1938 5377 2051 5429 nni-

464 5446 616 5497 cersis
642 5445 889 5515 episcOpis
909 5449 996 5517 qui
1019 5445 1289 5502 aderamus
1312 5449 1520 5515 expetiit
1542 5457 1595 5499 ut
1624 5448 1816 5514 scripto
1839 5447 2051 5517 quisque

463 5517 785 5584 responderet
822 5516 958 5586 quod
995 5519 1042 5571 ei
1081 5520 1144 5573 de
1178 5520 1256 5572 Itis
1284 5518 1538 5587 Capitulis
1581 5518 1855 5573 videretur.
1885 5516 2052 5586 Hujus

538 5721 555 5752 '
598 5719 741 5774 Idem
772 5722 916 5786 cod.,
955 5722 1177 5776 Hilario.

538 5792 558 5824 '
598 5791 742 5848 idem
770 5794 916 5863 cod.,
952 5791 1193 5848 Ecclesit‘s
1223 5792 1341 5847 Dei.

2159 4669 2318 4710 causa
2360 4655 2681 4725 subscriptio
2728 4655 3031 4722 tenebatur,
3059 4668 3113 4712 et
3146 4658 3214 4713 de
3239 4673 3333 4713 sua
3371 4659 3580 4715 fuerant
3608 4662 3749 4715 inte-

2158 4747 2350 4816 gritate
2377 4748 2573 4811 securi,
2610 4763 2705 4816 per
2738 4749 3077 4805 occasionem
3116 4750 3272 4821 hujus
3309 4752 3750 4824 interrogationis

2156 4840 2261 4909 ipsi
2307 4855 2517 4909 quojue
2559 4843 2847 4911 separatim
2879 4843 3142 4913 compulsi
3177 4855 3300 4900 sunt
3329 4848 3393 4903 ab
3422 4847 3748 4907 adversariis

2153 5109 2293 5175 acta,
2325 5110 2517 5175 prteter
2556 5102 2673 5175 hcce
2710 5118 2827 5171 qua:
2868 5118 2893 5155 a
2940 5105 3193 5159 Facundo
3228 5107 3541 5175 recitantur,
3581 5108 3751 5162 inter-

2160 5173 2310 5248 iere}
2342 5172 2439 5225 nisi
2465 5174 2607 5243 quod
2629 5189 2695 5248 ex
2723 5189 2782 5226 ea
2815 5183 2994 5228 natum
3024 5188 3228 5248 constat
3248 5172 3547 5248 judicatum
3567 5179 3751 5247 Vigilii

2157 5244 2220 5328 ad
2254 5242 2498 5328 Men'natu
2531 5245 3017 5328 archiepiscopunt,
3049 5247 3099 5299 in
3127 5242 3355 5328 quoii-ia
3377 5248 3620 5328 Qapitula
3635 5242 3748 5306 sub

2153 5311 2327 5377 aliqua
2352 5311 2772 5382 dispensatione,
2798 5317 2945 5369 salva
2972 5311 3160 5385 synodi
3185 5311 3633 5373 Chalcedonensis
3657 5334 3748 5374 re-

2155 5384 2420 5447 verentia,
2437 5385 2847 5450 condemnabat,
2875 5395 2927 5439 ut
2951 5384 3110 5442 docet
3132 5389 3353 5450 epistola
3374 5390 3501 5443 clert
3518 5389 3749 5445 Romani

2154 5452 2222 5506 ad
2251 5455 2537 5523 legatarios
2565 5452 2893 5511 Francorum
2926 5464 3072 5513 tomo
3095 5459 3113 5512 Ι
3139 5452 3502 5516 Conciliorum
3534 5459 3751 5515 Galliae.

2235 5722 2254 5753 ³
2296 5720 2441 5778 idem
2473 5720 2618 5793 cod.,
2652 5721 2805 5776 etiam
2835 5720 2969 5780 illas.
