  <div class='ocr_page' id='page_1' title='image "/cluster/home/n/w/nwhite01/storage/ocr_20150623/67/hvd.32044073505273/438.png"; bbox 0 0 3998 6202; ppageno 0'>
   <div class='ocr_carea' id='block_1_1' title="bbox 336 271 434 329">
    <p class='ocr_par' dir='ltr' id='par_1_1' title="bbox 336 271 434 329">
     <span class='ocr_line' id='line_1_1' title="bbox 336 271 434 329; baseline -0.01 -1"><span class='ocrx_word' id='word_1_1' title='bbox 336 271 434 329; x_wconf 60' lang='grc' dir='ltr'><strong>8ῦί</strong></span> 
     </span>
    </p>
   </div>
   <div class='ocr_carea' id='block_1_2' title="bbox 1525 274 2465 337">
    <p class='ocr_par' dir='ltr' id='par_1_2' title="bbox 1525 274 2465 337">
     <span class='ocr_line' id='line_1_2' title="bbox 1525 274 2465 337; baseline -0.001 -3"><span class='ocrx_word' id='word_1_2' title='bbox 1525 278 1726 334; x_wconf 79' lang='lat' dir='ltr'><strong>LIBER</strong></span> <span class='ocrx_word' id='word_1_3' title='bbox 1766 274 2045 334; x_wconf 72' lang='lat' dir='ltr'><strong>CONTRA</strong></span> <span class='ocrx_word' id='word_1_4' title='bbox 2087 279 2465 337; x_wconf 74' lang='lat' dir='ltr'><strong>MOCIANUM.</strong></span> 
     </span>
    </p>
   </div>
   <div class='ocr_carea' id='block_1_3' title="bbox 3521 275 3625 333">
    <p class='ocr_par' dir='ltr' id='par_1_3' title="bbox 3521 275 3625 333">
     <span class='ocr_line' id='line_1_3' title="bbox 3521 275 3625 333; baseline -0.019 0"><span class='ocrx_word' id='word_1_5' title='bbox 3521 275 3625 333; x_wconf 64' lang='grc'><strong>863</strong></span> 
     </span>
    </p>
   </div>
   <div class='ocr_carea' id='block_1_4' title="bbox 336 388 3625 464">
    <p class='ocr_par' dir='ltr' id='par_1_4' title="bbox 336 388 3625 464">
     <span class='ocr_line' id='line_1_4' title="bbox 336 388 3625 464; baseline 0.001 -20"><span class='ocrx_word' id='word_1_6' title='bbox 336 388 592 447; x_wconf 72' lang='lat' dir='ltr'><strong>Ecclesia:</strong></span> <span class='ocrx_word' id='word_1_7' title='bbox 620 389 1253 460; x_wconf 71' lang='lat' dir='ltr'><strong>qunmodb&#39;dictaverunt</strong></span> <span class='ocrx_word' id='word_1_8' title='bbox 1281 391 1331 446; x_wconf 92' lang='lat' dir='ltr'><strong>in</strong></span> <span class='ocrx_word' id='word_1_9' title='bbox 1364 392 1727 461; x_wconf 54' lang='lat' dir='ltr'><strong>praeiudicium</strong></span> <span class='ocrx_word' id='word_1_10' title='bbox 1753 394 1928 462; x_wconf 78' lang='lat' dir='ltr'><strong>magni</strong></span> <span class='ocrx_word' id='word_1_11' title='bbox 1958 392 2007 451; x_wconf 85' lang='lat' dir='ltr'><strong>A</strong></span> <span class='ocrx_word' id='word_1_12' title='bbox 2036 394 2548 450; x_wconf 77' lang='lat' dir='ltr'><strong>anathematisasset</strong></span> <span class='ocrx_word' id='word_1_13' title='bbox 2572 393 3125 460; x_wconf 82' lang='lat' dir='ltr'><strong>Ecclesiam,servarc</strong></span> <span class='ocrx_word' id='word_1_14' title='bbox 3151 408 3252 449; x_wconf 89' lang='lat' dir='ltr'><strong>nos</strong></span> <span class='ocrx_word' id='word_1_15' title='bbox 3279 394 3330 449; x_wconf 91' lang='lat' dir='ltr'><strong>in</strong></span> <span class='ocrx_word' id='word_1_16' title='bbox 3355 392 3447 448; x_wconf 84' lang='lat' dir='ltr'><strong>ille</strong></span> <span class='ocrx_word' id='word_1_17' title='bbox 3464 408 3625 464; x_wconf 82' lang='lat' dir='ltr'><strong>opor-</strong></span> 
     </span>
    </p>
   </div>
   <div class='ocr_carea' id='block_1_5' title="bbox 333 481 1928 559">
    <p class='ocr_par' dir='ltr' id='par_1_5' title="bbox 333 481 1928 559">
     <span class='ocr_line' id='line_1_5' title="bbox 333 481 1928 559; baseline 0.002 -23"><span class='ocrx_word' id='word_1_18' title='bbox 333 481 550 536; x_wconf 84' lang='lat' dir='ltr'><strong>concilii</strong></span> <span class='ocrx_word' id='word_1_19' title='bbox 600 482 949 550; x_wconf 74' lang='lat' dir='ltr'><strong>respoltdere.</strong></span> <span class='ocrx_word' id='word_1_20' title='bbox 996 484 1071 538; x_wconf 82' lang='lat' dir='ltr'><strong>Ac</strong></span> <span class='ocrx_word' id='word_1_21' title='bbox 1114 499 1182 538; x_wconf 92' lang='lat' dir='ltr'><strong>ne</strong></span> <span class='ocrx_word' id='word_1_22' title='bbox 1226 493 1411 552; x_wconf 84' lang='lat' dir='ltr'><strong>postea</strong></span> <span class='ocrx_word' id='word_1_23' title='bbox 1449 484 1843 559; x_wconf 82' lang='lat' dir='ltr'><strong>subtrahereut,</strong></span> <span class='ocrx_word' id='word_1_24' title='bbox 1875 492 1928 539; x_wconf 89' lang='lat' dir='ltr'><strong>et</strong></span> 
     </span>
    </p>
   </div>
   <div class='ocr_carea' id='block_1_6' title="bbox 336 573 1928 645">
    <p class='ocr_par' dir='ltr' id='par_1_6' title="bbox 336 573 1928 645">
     <span class='ocr_line' id='line_1_6' title="bbox 336 573 1928 645; baseline -0.001 -17"><span class='ocrx_word' id='word_1_25' title='bbox 336 589 454 643; x_wconf 56' lang='lat' dir='ltr'><strong>quas</strong></span> <span class='ocrx_word' id='word_1_26' title='bbox 482 575 686 639; x_wconf 87' lang='lat' dir='ltr'><strong>scripto</strong></span> <span class='ocrx_word' id='word_1_27' title='bbox 712 573 1105 640; x_wconf 76' lang='lat' dir='ltr'><strong>responderant</strong></span> <span class='ocrx_word' id='word_1_28' title='bbox 1140 574 1340 645; x_wconf 87' lang='lat' dir='ltr'><strong>judicio</strong></span> <span class='ocrx_word' id='word_1_29' title='bbox 1378 592 1481 629; x_wconf 91' lang='lat' dir='ltr'><strong>non</strong></span> <span class='ocrx_word' id='word_1_30' title='bbox 1511 575 1787 638; x_wconf 68' lang='lat' dir='ltr'><strong>offerrent,</strong></span> <span class='ocrx_word' id='word_1_31' title='bbox 1818 577 1928 642; x_wconf 86' lang='lat' dir='ltr'><strong>jam</strong></span> 
     </span>
    </p>
   </div>
   <div class='ocr_carea' id='block_1_7' title="bbox 335 665 1928 737">
    <p class='ocr_par' dir='ltr' id='par_1_7' title="bbox 335 665 1928 737">
     <span class='ocr_line' id='line_1_7' title="bbox 335 665 1928 737; baseline -0.001 -16"><span class='ocrx_word' id='word_1_32' title='bbox 335 666 439 721; x_wconf 89' lang='lat' dir='ltr'><strong>sub</strong></span> <span class='ocrx_word' id='word_1_33' title='bbox 475 666 855 735; x_wconf 87' lang='lat' dir='ltr'><strong>prosecutione</strong></span> <span class='ocrx_word' id='word_1_34' title='bbox 898 665 1134 734; x_wconf 83' lang='lat' dir='ltr'><strong>ipsorum</strong></span> <span class='ocrx_word' id='word_1_35' title='bbox 1178 675 1341 734; x_wconf 89' lang='lat' dir='ltr'><strong>atque</strong></span> <span class='ocrx_word' id='word_1_36' title='bbox 1381 666 1621 721; x_wconf 89' lang='lat' dir='ltr'><strong>custodia</strong></span> <span class='ocrx_word' id='word_1_37' title='bbox 1659 666 1832 737; x_wconf 85' lang='lat' dir='ltr'><strong>palam</strong></span> <span class='ocrx_word' id='word_1_38' title='bbox 1863 666 1928 719; x_wconf 88' lang='lat' dir='ltr'><strong>ad</strong></span> 
     </span>
    </p>
   </div>
   <div class='ocr_carea' id='block_1_8' title="bbox 335 757 1927 829">
    <p class='ocr_par' dir='ltr' id='par_1_8' title="bbox 335 757 1927 829">
     <span class='ocr_line' id='line_1_8' title="bbox 335 757 1927 829; baseline 0.001 -16"><span class='ocrx_word' id='word_1_39' title='bbox 335 758 488 813; x_wconf 83' lang='lat' dir='ltr'><strong>illum</strong></span> <span class='ocrx_word' id='word_1_40' title='bbox 515 757 916 813; x_wconf 75' lang='lat' dir='ltr'><strong>deducebantur</strong></span> <span class='ocrx_word' id='word_1_41' title='bbox 937 759 1152 813; x_wconf 84' lang='lat' dir='ltr'><strong>tradere</strong></span> <span class='ocrx_word' id='word_1_42' title='bbox 1177 775 1271 814; x_wconf 88' lang='lat' dir='ltr'><strong>sua</strong></span> <span class='ocrx_word' id='word_1_43' title='bbox 1296 760 1516 829; x_wconf 80' lang='lat' dir='ltr'><strong>profana</strong></span> <span class='ocrx_word' id='word_1_44' title='bbox 1541 769 1595 816; x_wconf 91' lang='lat' dir='ltr'><strong>et</strong></span> <span class='ocrx_word' id='word_1_45' title='bbox 1617 760 1927 815; x_wconf 88' lang='lat' dir='ltr'><strong>detestanda</strong></span> 
     </span>
    </p>
   </div>
   <div class='ocr_carea' id='block_1_9' title="bbox 336 849 1927 945">
    <p class='ocr_par' dir='ltr' id='par_1_9' title="bbox 336 849 1927 945">
     <span class='ocr_line' id='line_1_9' title="bbox 336 849 1927 945; baseline 0.003 -42"><span class='ocrx_word' id='word_1_46' title='bbox 336 864 618 917; x_wconf 79' lang='lat' dir='ltr'><strong>responsa.</strong></span> <span class='ocrx_word' id='word_1_47' title='bbox 650 849 831 904; x_wconf 83' lang='lat' dir='ltr'><strong>Oculis</strong></span> <span class='ocrx_word' id='word_1_48' title='bbox 861 863 959 903; x_wconf 91' lang='lat' dir='ltr'><strong>nos</strong></span> <span class='ocrx_word' id='word_1_49' title='bbox 991 849 1107 903; x_wconf 85' lang='lat' dir='ltr'><strong>haec</strong></span> <span class='ocrx_word' id='word_1_50' title='bbox 1136 850 1388 945; x_wconf 39' lang='lat' dir='ltr'><strong>vidimus.</strong></span> <span class='ocrx_word' id='word_1_51' title='bbox 1418 852 1717 919; x_wconf 89' lang='lat' dir='ltr'><strong>Acephalos</strong></span> <span class='ocrx_word' id='word_1_52' title='bbox 1745 867 1927 907; x_wconf 87' lang='lat' dir='ltr'><strong>coram</strong></span> 
     </span>
    </p>
   </div>
   <div class='ocr_carea' id='block_1_10' title="bbox 334 938 1927 1010">
    <p class='ocr_par' dir='ltr' id='par_1_10' title="bbox 334 938 1927 1010">
     <span class='ocr_line' id='line_1_10' title="bbox 334 938 1927 1010; baseline 0.003 -17"><span class='ocrx_word' id='word_1_53' title='bbox 334 940 453 1009; x_wconf 75' lang='lat' dir='ltr'><strong>ipso</strong></span> <span class='ocrx_word' id='word_1_54' title='bbox 494 938 674 1009; x_wconf 85' lang='lat' dir='ltr'><strong>judice</strong></span> <span class='ocrx_word' id='word_1_55' title='bbox 721 940 929 994; x_wconf 85' lang='lat' dir='ltr'><strong>alacres</strong></span> <span class='ocrx_word' id='word_1_56' title='bbox 975 952 1028 994; x_wconf 92' lang='lat' dir='ltr'><strong>et</strong></span> <span class='ocrx_word' id='word_1_57' title='bbox 1072 938 1402 998; x_wconf 78' lang='lat' dir='ltr'><strong>exsultantes</strong></span> <span class='ocrx_word' id='word_1_58' title='bbox 1442 944 1765 1010; x_wconf 70' lang='lat' dir='ltr'><strong>aspeximus,</strong></span> <span class='ocrx_word' id='word_1_59' title='bbox 1806 957 1927 997; x_wconf 89' lang='lat' dir='ltr'><strong>cum</strong></span> 
     </span>
    </p>
   </div>
   <div class='ocr_carea' id='block_1_11' title="bbox 332 1030 1927 1103">
    <p class='ocr_par' dir='ltr' id='par_1_11' title="bbox 332 1030 1927 1103">
     <span class='ocr_line' id='line_1_11' title="bbox 332 1030 1927 1103; baseline 0.003 -19"><span class='ocrx_word' id='word_1_60' title='bbox 332 1030 623 1100; x_wconf 87' lang='lat' dir='ltr'><strong>episcopos</strong></span> <span class='ocrx_word' id='word_1_61' title='bbox 658 1030 725 1084; x_wconf 89' lang='lat' dir='ltr'><strong>ad</strong></span> <span class='ocrx_word' id='word_1_62' title='bbox 768 1044 891 1085; x_wconf 89' lang='lat' dir='ltr'><strong>eum</strong></span> <span class='ocrx_word' id='word_1_63' title='bbox 930 1031 1261 1088; x_wconf 86' lang='lat' dir='ltr'><strong>adducerent</strong></span> <span class='ocrx_word' id='word_1_64' title='bbox 1297 1034 1482 1089; x_wconf 88' lang='lat' dir='ltr'><strong>eadem</strong></span> <span class='ocrx_word' id='word_1_65' title='bbox 1514 1048 1768 1099; x_wconf 54' lang='lat' dir='ltr'><strong>resisolisa</strong></span> <span class='ocrx_word' id='word_1_66' title='bbox 1802 1050 1927 1103; x_wconf 87' lang='lat' dir='ltr'><strong>por-</strong></span> 
     </span>
    </p>
   </div>
   <div class='ocr_carea' id='block_1_12' title="bbox 332 1121 1929 1191">
    <p class='ocr_par' dir='ltr' id='par_1_12' title="bbox 332 1121 1929 1191">
     <span class='ocr_line' id='line_1_12' title="bbox 332 1121 1929 1191; baseline 0.004 -16"><span class='ocrx_word' id='word_1_67' title='bbox 332 1128 530 1175; x_wconf 77' lang='lat' dir='ltr'><strong>tantes.</strong></span> <span class='ocrx_word' id='word_1_68' title='bbox 564 1121 633 1175; x_wconf 85' lang='lat' dir='ltr'><strong>Et</strong></span> <span class='ocrx_word' id='word_1_69' title='bbox 674 1122 888 1191; x_wconf 85' lang='lat' dir='ltr'><strong>quando</strong></span> <span class='ocrx_word' id='word_1_70' title='bbox 934 1122 1047 1178; x_wconf 72' lang='lat' dir='ltr'><strong>luce</strong></span> <span class='ocrx_word' id='word_1_71' title='bbox 1084 1124 1162 1178; x_wconf 89' lang='lat' dir='ltr'><strong>sic</strong></span> <span class='ocrx_word' id='word_1_72' title='bbox 1211 1124 1507 1180; x_wconf 70' lang='lat' dir='ltr'><strong>inhaereant</strong></span> <span class='ocrx_word' id='word_1_73' title='bbox 1553 1126 1807 1181; x_wconf 84' lang='lat' dir='ltr'><strong>cordibus</strong></span> <span class='ocrx_word' id='word_1_74' title='bbox 1834 1142 1929 1180; x_wconf 81' lang='lat' dir='ltr'><strong>au-</strong></span> 
     </span>
    </p>
   </div>
   <div class='ocr_carea' id='block_1_13' title="bbox 335 1213 1926 1287">
    <p class='ocr_par' dir='ltr' id='par_1_13' title="bbox 335 1213 1926 1287">
     <span class='ocr_line' id='line_1_13' title="bbox 335 1213 1926 1287; baseline 0.006 -22"><span class='ocrx_word' id='word_1_75' title='bbox 335 1213 622 1281; x_wconf 81' lang='lat' dir='ltr'><strong>dit-mium,</strong></span> <span class='ocrx_word' id='word_1_76' title='bbox 651 1222 739 1266; x_wconf 84' lang='lat' dir='ltr'><strong>aut</strong></span> <span class='ocrx_word' id='word_1_77' title='bbox 767 1214 846 1267; x_wconf 91' lang='lat' dir='ltr'><strong>sic</strong></span> <span class='ocrx_word' id='word_1_78' title='bbox 871 1227 931 1269; x_wconf 89' lang='lat' dir='ltr'><strong>ea</strong></span> <span class='ocrx_word' id='word_1_79' title='bbox 956 1214 1219 1270; x_wconf 83' lang='lat' dir='ltr'><strong>detestari</strong></span> <span class='ocrx_word' id='word_1_80' title='bbox 1236 1231 1298 1271; x_wconf 89' lang='lat' dir='ltr'><strong>ac</strong></span> <span class='ocrx_word' id='word_1_81' title='bbox 1326 1218 1509 1285; x_wconf 76' lang='lat' dir='ltr'><strong>lugere</strong></span> <span class='ocrx_word' id='word_1_82' title='bbox 1533 1218 1766 1287; x_wconf 77' lang='lat' dir='ltr'><strong>possitis,</strong></span> <span class='ocrx_word' id='word_1_83' title='bbox 1792 1220 1926 1275; x_wconf 88' lang='lat' dir='ltr'><strong>sicut</strong></span> 
     </span>
    </p>
   </div>
   <div class='ocr_carea' id='block_1_14' title="bbox 334 1304 1927 1382">
    <p class='ocr_par' dir='ltr' id='par_1_14' title="bbox 334 1304 1927 1382">
     <span class='ocr_line' id='line_1_14' title="bbox 334 1304 1927 1382; baseline 0.006 -25"><span class='ocrx_word' id='word_1_84' title='bbox 334 1318 456 1370; x_wconf 89' lang='lat' dir='ltr'><strong>nos,</strong></span> <span class='ocrx_word' id='word_1_85' title='bbox 474 1304 528 1357; x_wconf 87' lang='lat' dir='ltr'><strong>in</strong></span> <span class='ocrx_word' id='word_1_86' title='bbox 551 1319 774 1374; x_wconf 85' lang='lat' dir='ltr'><strong>quorum</strong></span> <span class='ocrx_word' id='word_1_87' title='bbox 797 1304 994 1360; x_wconf 88' lang='lat' dir='ltr'><strong>animis</strong></span> <span class='ocrx_word' id='word_1_88' title='bbox 1017 1307 1250 1374; x_wconf 87' lang='lat' dir='ltr'><strong>ipsorum</strong></span> <span class='ocrx_word' id='word_1_89' title='bbox 1275 1310 1536 1363; x_wconf 89' lang='lat' dir='ltr'><strong>malorum</strong></span> <span class='ocrx_word' id='word_1_90' title='bbox 1561 1311 1734 1365; x_wconf 86' lang='lat' dir='ltr'><strong>adhuc</strong></span> <span class='ocrx_word' id='word_1_91' title='bbox 1754 1312 1927 1382; x_wconf 82' lang='lat' dir='ltr'><strong>imago</strong></span> 
     </span>
    </p>
   </div>
   <div class='ocr_carea' id='block_1_15' title="bbox 332 1395 1926 1471">
    <p class='ocr_par' dir='ltr' id='par_1_15' title="bbox 332 1395 1926 1471">
     <span class='ocr_line' id='line_1_15' title="bbox 332 1395 1926 1471; baseline 0.006 -22"><span class='ocrx_word' id='word_1_92' title='bbox 332 1397 623 1449; x_wconf 75' lang='lat' dir='ltr'><strong>versatur?</strong></span> <span class='ocrx_word' id='word_1_93' title='bbox 652 1395 961 1465; x_wconf 85' lang='lat' dir='ltr'><strong>Suscipieus</strong></span> <span class='ocrx_word' id='word_1_94' title='bbox 990 1413 1119 1453; x_wconf 88' lang='lat' dir='ltr'><strong>vero</strong></span> <span class='ocrx_word' id='word_1_95' title='bbox 1149 1400 1239 1454; x_wconf 90' lang='lat' dir='ltr'><strong>ille</strong></span> <span class='ocrx_word' id='word_1_96' title='bbox 1270 1409 1589 1455; x_wconf 83' lang='lat' dir='ltr'><strong>memoratas</strong></span> <span class='ocrx_word' id='word_1_97' title='bbox 1616 1404 1926 1471; x_wconf 84' lang='lat' dir='ltr'><strong>responsio-</strong></span> 
     </span>
    </p>
   </div>
   <div class='ocr_carea' id='block_1_16' title="bbox 331 1486 1928 1559">
    <p class='ocr_par' dir='ltr' id='par_1_16' title="bbox 331 1486 1928 1559">
     <span class='ocr_line' id='line_1_16' title="bbox 331 1486 1928 1559; baseline 0.006 -21"><span class='ocrx_word' id='word_1_98' title='bbox 331 1499 463 1547; x_wconf 89' lang='lat' dir='ltr'><strong>nes,</strong></span> <span class='ocrx_word' id='word_1_99' title='bbox 515 1493 635 1554; x_wconf 85' lang='lat' dir='ltr'><strong>post</strong></span> <span class='ocrx_word' id='word_1_100' title='bbox 683 1486 887 1554; x_wconf 87' lang='lat' dir='ltr'><strong>aliquot</strong></span> <span class='ocrx_word' id='word_1_101' title='bbox 928 1486 1045 1541; x_wconf 91' lang='lat' dir='ltr'><strong>dies</strong></span> <span class='ocrx_word' id='word_1_102' title='bbox 1090 1488 1154 1541; x_wconf 87' lang='lat' dir='ltr'><strong>ad</strong></span> <span class='ocrx_word' id='word_1_103' title='bbox 1204 1488 1456 1557; x_wconf 75' lang='lat' dir='ltr'><strong>palatium</strong></span> <span class='ocrx_word' id='word_1_104' title='bbox 1499 1489 1719 1556; x_wconf 91' lang='lat' dir='ltr'><strong>detulit,</strong></span> <span class='ocrx_word' id='word_1_105' title='bbox 1769 1501 1928 1559; x_wconf 84' lang='lat' dir='ltr'><strong>atque</strong></span> 
     </span>
    </p>
   </div>
   <div class='ocr_carea' id='block_1_17' title="bbox 331 1575 1928 1651">
    <p class='ocr_par' dir='ltr' id='par_1_17' title="bbox 331 1575 1928 1651">
     <span class='ocr_line' id='line_1_17' title="bbox 331 1575 1928 1651; baseline 0.004 -22"><span class='ocrx_word' id='word_1_106' title='bbox 331 1576 491 1629; x_wconf 79' lang='lat' dir='ltr'><strong>alteri</strong></span> <span class='ocrx_word' id='word_1_107' title='bbox 517 1575 733 1629; x_wconf 84' lang='lat' dir='ltr'><strong>tradidit</strong></span> <span class='ocrx_word' id='word_1_108' title='bbox 757 1578 914 1644; x_wconf 83' lang='lat' dir='ltr'><strong>parti,</strong></span> <span class='ocrx_word' id='word_1_109' title='bbox 941 1577 994 1630; x_wconf 89' lang='lat' dir='ltr'><strong>in</strong></span> <span class='ocrx_word' id='word_1_110' title='bbox 1019 1577 1386 1647; x_wconf 67' lang='lat' dir='ltr'><strong>praajndicium</strong></span> <span class='ocrx_word' id='word_1_111' title='bbox 1417 1581 1607 1651; x_wconf 84' lang='lat' dir='ltr'><strong>synodi</strong></span> <span class='ocrx_word' id='word_1_112' title='bbox 1631 1581 1928 1637; x_wconf 87' lang='lat' dir='ltr'><strong>Chalcedo-</strong></span> 
     </span>
    </p>
   </div>
   <div class='ocr_carea' id='block_1_18' title="bbox 333 1665 1927 1739">
    <p class='ocr_par' dir='ltr' id='par_1_18' title="bbox 333 1665 1927 1739">
     <span class='ocr_line' id='line_1_18' title="bbox 333 1665 1927 1739; baseline 0.006 -20"><span class='ocrx_word' id='word_1_113' title='bbox 333 1665 518 1720; x_wconf 87' lang='lat' dir='ltr'><strong>nensis</strong></span> <span class='ocrx_word' id='word_1_114' title='bbox 545 1680 666 1719; x_wconf 89' lang='lat' dir='ltr'><strong>cmn</strong></span> <span class='ocrx_word' id='word_1_115' title='bbox 696 1666 921 1719; x_wconf 62' lang='lat' dir='ltr'><strong>aiiorum</strong></span> <span class='ocrx_word' id='word_1_116' title='bbox 954 1666 1325 1737; x_wconf 88' lang='lat' dir='ltr'><strong>chirographis</strong></span> <span class='ocrx_word' id='word_1_117' title='bbox 1357 1672 1443 1739; x_wconf 88' lang='lat' dir='ltr'><strong>qui</strong></span> <span class='ocrx_word' id='word_1_118' title='bbox 1488 1679 1645 1725; x_wconf 83' lang='lat' dir='ltr'><strong>antea</strong></span> <span class='ocrx_word' id='word_1_119' title='bbox 1691 1673 1927 1729; x_wconf 80' lang='lat' dir='ltr'><strong>subscri-</strong></span> 
     </span>
    </p>
   </div>
   <div class='ocr_carea' id='block_1_19' title="bbox 2038 483 3620 556">
    <p class='ocr_par' dir='ltr' id='par_1_19' title="bbox 2038 483 3620 556">
     <span class='ocr_line' id='line_1_19' title="bbox 2038 483 3620 556; baseline 0.001 -17"><span class='ocrx_word' id='word_1_120' title='bbox 2038 486 2137 539; x_wconf 92' lang='lat' dir='ltr'><strong>tuit</strong></span> <span class='ocrx_word' id='word_1_121' title='bbox 2166 486 2488 540; x_wconf 86' lang='lat' dir='ltr'><strong>sententiam</strong></span> <span class='ocrx_word' id='word_1_122' title='bbox 2518 498 2691 547; x_wconf 86' lang='lat' dir='ltr'><strong>suam,</strong></span> <span class='ocrx_word' id='word_1_123' title='bbox 2732 484 2883 553; x_wconf 83' lang='lat' dir='ltr'><strong>sequi</strong></span> <span class='ocrx_word' id='word_1_124' title='bbox 2906 483 3050 552; x_wconf 87' lang='lat' dir='ltr'><strong>quod</strong></span> <span class='ocrx_word' id='word_1_125' title='bbox 3079 483 3232 538; x_wconf 88' lang='lat' dir='ltr'><strong>nobis</strong></span> <span class='ocrx_word' id='word_1_126' title='bbox 3258 484 3482 553; x_wconf 75' lang='lat' dir='ltr'><strong>pra-buit</strong></span> <span class='ocrx_word' id='word_1_127' title='bbox 3514 487 3620 556; x_wconf 87' lang='lat' dir='ltr'><strong>pri-</strong></span> 
     </span>
    </p>
   </div>
   <div class='ocr_carea' id='block_1_20' title="bbox 2034 574 3624 643">
    <p class='ocr_par' dir='ltr' id='par_1_20' title="bbox 2034 574 3624 643">
     <span class='ocr_line' id='line_1_20' title="bbox 2034 574 3624 643; baseline 0.003 -14"><span class='ocrx_word' id='word_1_128' title='bbox 2034 590 2143 630; x_wconf 76' lang='lat' dir='ltr'><strong>scae</strong></span> <span class='ocrx_word' id='word_1_129' title='bbox 2182 575 2508 643; x_wconf 84' lang='lat' dir='ltr'><strong>integritatis</strong></span> <span class='ocrx_word' id='word_1_130' title='bbox 2553 575 2886 642; x_wconf 81' lang='lat' dir='ltr'><strong>exemplum.</strong></span> <span class='ocrx_word' id='word_1_131' title='bbox 2930 574 3060 628; x_wconf 84' lang='lat' dir='ltr'><strong>Nam</strong></span> <span class='ocrx_word' id='word_1_132' title='bbox 3098 575 3401 643; x_wconf 85' lang='lat' dir='ltr'><strong>priusquam</strong></span> <span class='ocrx_word' id='word_1_133' title='bbox 3440 576 3542 632; x_wconf 90' lang='lat' dir='ltr'><strong>hoc</strong></span> <span class='ocrx_word' id='word_1_134' title='bbox 3570 588 3624 633; x_wconf 90' lang='lat' dir='ltr'><strong>et</strong></span> 
     </span>
    </p>
   </div>
   <div class='ocr_carea' id='block_1_21' title="bbox 2033 663 3623 733">
    <p class='ocr_par' dir='ltr' id='par_1_21' title="bbox 2033 663 3623 733">
     <span class='ocr_line' id='line_1_21' title="bbox 2033 663 3623 733; baseline -0.001 -13"><span class='ocrx_word' id='word_1_135' title='bbox 2033 666 2150 733; x_wconf 84' lang='lat' dir='ltr'><strong>ipse</strong></span> <span class='ocrx_word' id='word_1_136' title='bbox 2189 667 2572 731; x_wconf 86' lang='lat' dir='ltr'><strong>committeret,</strong></span> <span class='ocrx_word' id='word_1_137' title='bbox 2621 665 2863 732; x_wconf 75' lang='lat' dir='ltr'><strong>scribens</strong></span> <span class='ocrx_word' id='word_1_138' title='bbox 2899 663 2966 718; x_wconf 89' lang='lat' dir='ltr'><strong>de</strong></span> <span class='ocrx_word' id='word_1_139' title='bbox 3013 664 3207 718; x_wconf 86' lang='lat' dir='ltr'><strong>itinere</strong></span> <span class='ocrx_word' id='word_1_140' title='bbox 3247 664 3623 721; x_wconf 83' lang='lat' dir='ltr'><strong>Constantino-</strong></span> 
     </span>
    </p>
   </div>
   <div class='ocr_carea' id='block_1_22' title="bbox 2034 746 3619 822">
    <p class='ocr_par' dir='ltr' id='par_1_22' title="bbox 2034 746 3619 822">
     <span class='ocr_line' id='line_1_22' title="bbox 2034 746 3619 822; baseline 0.001 -16"><span class='ocrx_word' id='word_1_141' title='bbox 2034 752 2273 822; x_wconf 88' lang='lat' dir='ltr'><strong>politano</strong></span> <span class='ocrx_word' id='word_1_142' title='bbox 2319 752 2609 821; x_wconf 88' lang='lat' dir='ltr'><strong>episcopo,</strong></span> <span class='ocrx_word' id='word_1_143' title='bbox 2656 752 2746 820; x_wconf 90' lang='lat' dir='ltr'><strong>qui</strong></span> <span class='ocrx_word' id='word_1_144' title='bbox 2802 746 3119 819; x_wconf 64' lang='lat' dir='ltr'><strong>prwjudicio</strong></span> <span class='ocrx_word' id='word_1_145' title='bbox 3171 764 3375 820; x_wconf 70' lang='lat' dir='ltr'><strong>magna:</strong></span> <span class='ocrx_word' id='word_1_146' title='bbox 3431 753 3619 822; x_wconf 75' lang='lat' dir='ltr'><strong>synodi</strong></span> 
     </span>
    </p>
   </div>
   <div class='ocr_carea' id='block_1_23' title="bbox 2034 841 3673 911">
    <p class='ocr_par' dir='ltr' id='par_1_23' title="bbox 2034 841 3673 911">
     <span class='ocr_line' id='line_1_23' title="bbox 2034 841 3673 911; baseline -0.002 -13"><span class='ocrx_word' id='word_1_147' title='bbox 2034 846 2238 911; x_wconf 90' lang='lat' dir='ltr'><strong>primus</strong></span> <span class='ocrx_word' id='word_1_148' title='bbox 2283 843 2539 909; x_wconf 84' lang='lat' dir='ltr'><strong>assensit,</strong></span> <span class='ocrx_word' id='word_1_149' title='bbox 2573 842 2666 896; x_wconf 73' lang='lat' dir='ltr'><strong>sed</strong></span> <span class='ocrx_word' id='word_1_150' title='bbox 2703 858 2861 911; x_wconf 85' lang='lat' dir='ltr'><strong>quem</strong></span> <span class='ocrx_word' id='word_1_151' title='bbox 2898 841 3093 895; x_wconf 80' lang='lat' dir='ltr'><strong>litteris</strong></span> <span class='ocrx_word' id='word_1_152' title='bbox 3122 841 3231 895; x_wconf 90' lang='lat' dir='ltr'><strong>suis</strong></span> <span class='ocrx_word' id='word_1_153' title='bbox 3264 842 3617 907; x_wconf 70' lang='lat' dir='ltr'><strong>praeveniens,</strong></span> <span class='ocrx_word' id='word_1_154' title='bbox 3672 852 3673 855; x_wconf 78' lang='lat'>‘</span> 
     </span>
    </p>
   </div>
   <div class='ocr_carea' id='block_1_24' title="bbox 2030 931 3623 1004">
    <p class='ocr_par' dir='ltr' id='par_1_24' title="bbox 2030 931 3623 1004">
     <span class='ocr_line' id='line_1_24' title="bbox 2030 931 3623 1004; baseline -0.001 -15"><span class='ocrx_word' id='word_1_155' title='bbox 2030 938 2147 990; x_wconf 83' lang='lat' dir='ltr'><strong>ait:</strong></span> <span class='ocrx_word' id='word_1_156' title='bbox 2178 954 2197 987; x_wconf 75' lang='grc' dir='ltr'>ι</span> <span class='ocrx_word' id='word_1_157' title='bbox 2234 936 2574 1004; x_wconf 86' lang='lat' dir='ltr'><strong>Quapropter</strong></span> <span class='ocrx_word' id='word_1_158' title='bbox 2607 933 2935 988; x_wconf 90' lang='lat' dir='ltr'><strong>credidimus</strong></span> <span class='ocrx_word' id='word_1_159' title='bbox 2984 931 3326 987; x_wconf 86' lang='lat' dir='ltr'><strong>indicandum</strong></span> <span class='ocrx_word' id='word_1_160' title='bbox 3356 931 3498 1000; x_wconf 88' lang='lat' dir='ltr'><strong>quod</strong></span> <span class='ocrx_word' id='word_1_161' title='bbox 3528 932 3623 987; x_wconf 84' lang='lat' dir='ltr'><strong>do—</strong></span> 
     </span>
    </p>
   </div>
   <div class='ocr_carea' id='block_1_25' title="bbox 2032 1022 3623 1092">
    <p class='ocr_par' dir='ltr' id='par_1_25' title="bbox 2032 1022 3623 1092">
     <span class='ocr_line' id='line_1_25' title="bbox 2032 1022 3623 1092; baseline -0.005 -10"><span class='ocrx_word' id='word_1_162' title='bbox 2032 1030 2213 1082; x_wconf 90' lang='lat' dir='ltr'><strong>minus</strong></span> <span class='ocrx_word' id='word_1_163' title='bbox 2259 1027 2404 1081; x_wconf 85' lang='lat' dir='ltr'><strong>ﬁlius</strong></span> <span class='ocrx_word' id='word_1_164' title='bbox 2449 1036 2635 1081; x_wconf 86' lang='lat' dir='ltr'><strong>noster</strong></span> <span class='ocrx_word' id='word_1_165' title='bbox 2686 1024 3142 1079; x_wconf 84' lang='lat' dir='ltr'><strong>clementissimus</strong></span> <span class='ocrx_word' id='word_1_166' title='bbox 3188 1022 3479 1092; x_wconf 85' lang='lat' dir='ltr'><strong>imperator</strong></span> <span class='ocrx_word' id='word_1_167' title='bbox 3528 1038 3623 1092; x_wconf 90' lang='lat' dir='ltr'><strong>per</strong></span> 
     </span>
    </p>
   </div>
   <div class='ocr_carea' id='block_1_26' title="bbox 2029 1114 3613 1187">
    <p class='ocr_par' dir='ltr' id='par_1_26' title="bbox 2029 1114 3613 1187">
     <span class='ocr_line' id='line_1_26' title="bbox 2029 1114 3613 1187; baseline -0.004 -13"><span class='ocrx_word' id='word_1_168' title='bbox 2029 1119 2268 1174; x_wconf 85' lang='lat' dir='ltr'><strong>Leonem</strong></span> <span class='ocrx_word' id='word_1_169' title='bbox 2316 1119 2578 1172; x_wconf 87' lang='lat' dir='ltr'><strong>illustrem</strong></span> <span class='ocrx_word' id='word_1_170' title='bbox 2629 1118 2803 1187; x_wconf 87' lang='lat' dir='ltr'><strong>virum</strong></span> <span class='ocrx_word' id='word_1_171' title='bbox 2850 1130 2949 1170; x_wconf 89' lang='lat' dir='ltr'><strong>nos</strong></span> <span class='ocrx_word' id='word_1_172' title='bbox 2980 1114 3339 1171; x_wconf 88' lang='lat' dir='ltr'><strong>serenissimis</strong></span> <span class='ocrx_word' id='word_1_173' title='bbox 3379 1114 3613 1170; x_wconf 81' lang='lat' dir='ltr'><strong>hortatur</strong></span> 
     </span>
    </p>
   </div>
   <div class='ocr_carea' id='block_1_27' title="bbox 2026 1207 3619 1278">
    <p class='ocr_par' dir='ltr' id='par_1_27' title="bbox 2026 1207 3619 1278">
     <span class='ocr_line' id='line_1_27' title="bbox 2026 1207 3619 1278; baseline -0.004 -13"><span class='ocrx_word' id='word_1_174' title='bbox 2026 1210 2300 1278; x_wconf 76' lang='lat' dir='ltr'><strong>affatibus,</strong></span> <span class='ocrx_word' id='word_1_175' title='bbox 2331 1220 2386 1263; x_wconf 88' lang='lat' dir='ltr'><strong>ut</strong></span> <span class='ocrx_word' id='word_1_176' title='bbox 2417 1224 2600 1278; x_wconf 88' lang='lat' dir='ltr'><strong>pacem</strong></span> <span class='ocrx_word' id='word_1_177' title='bbox 2632 1224 2790 1277; x_wconf 88' lang='lat' dir='ltr'><strong>quam</strong></span> <span class='ocrx_word' id='word_1_178' title='bbox 2828 1207 3076 1262; x_wconf 87' lang='lat' dir='ltr'><strong>Christus</strong></span> <span class='ocrx_word' id='word_1_179' title='bbox 3106 1207 3363 1261; x_wconf 87' lang='lat' dir='ltr'><strong>Dominus</strong></span> <span class='ocrx_word' id='word_1_180' title='bbox 3395 1209 3537 1261; x_wconf 88' lang='lat' dir='ltr'><strong>Deus</strong></span> <span class='ocrx_word' id='word_1_181' title='bbox 3566 1214 3619 1260; x_wconf 87' lang='lat' dir='ltr'><strong>et</strong></span> 
     </span>
    </p>
   </div>
   <div class='ocr_carea' id='block_1_28' title="bbox 2030 1297 3615 1369">
    <p class='ocr_par' dir='ltr' id='par_1_28' title="bbox 2030 1297 3615 1369">
     <span class='ocr_line' id='line_1_28' title="bbox 2030 1297 3615 1369; baseline -0.005 -11"><span class='ocrx_word' id='word_1_182' title='bbox 2030 1303 2279 1359; x_wconf 81' lang='lat' dir='ltr'><strong>Salvator</strong></span> <span class='ocrx_word' id='word_1_183' title='bbox 2307 1311 2495 1356; x_wconf 89' lang='lat' dir='ltr'><strong>noster</strong></span> <span class='ocrx_word' id='word_1_184' title='bbox 2534 1316 2694 1369; x_wconf 89' lang='lat' dir='ltr'><strong>supra</strong></span> <span class='ocrx_word' id='word_1_185' title='bbox 2736 1300 2915 1355; x_wconf 87' lang='lat' dir='ltr'><strong>omnia</strong></span> <span class='ocrx_word' id='word_1_186' title='bbox 2958 1297 3269 1352; x_wconf 82' lang='lat' dir='ltr'><strong>holocausta</strong></span> <span class='ocrx_word' id='word_1_187' title='bbox 3300 1298 3495 1367; x_wconf 77' lang='lat' dir='ltr'><strong>diligit,</strong></span> <span class='ocrx_word' id='word_1_188' title='bbox 3528 1313 3615 1351; x_wconf 58' lang='lat' dir='ltr'><strong>voc</strong></span> 
     </span>
    </p>
   </div>
   <div class='ocr_carea' id='block_1_29' title="bbox 2029 1387 3623 1457">
    <p class='ocr_par' dir='ltr' id='par_1_29' title="bbox 2029 1387 3623 1457">
     <span class='ocr_line' id='line_1_29' title="bbox 2029 1387 3623 1457; baseline -0.006 -8"><span class='ocrx_word' id='word_1_189' title='bbox 2029 1394 2237 1449; x_wconf 88' lang='lat' dir='ltr'><strong>hiscum</strong></span> <span class='ocrx_word' id='word_1_190' title='bbox 2261 1400 2316 1447; x_wconf 90' lang='lat' dir='ltr'><strong>et</strong></span> <span class='ocrx_word' id='word_1_191' title='bbox 2337 1406 2459 1445; x_wconf 88' lang='lat' dir='ltr'><strong>eam</strong></span> <span class='ocrx_word' id='word_1_192' title='bbox 2480 1391 2751 1446; x_wconf 83' lang='lat' dir='ltr'><strong>universis</strong></span> <span class='ocrx_word' id='word_1_193' title='bbox 2783 1387 3039 1443; x_wconf 85' lang='lat' dir='ltr'><strong>fratribus</strong></span> <span class='ocrx_word' id='word_1_194' title='bbox 3072 1396 3127 1443; x_wconf 92' lang='lat' dir='ltr'><strong>et</strong></span> <span class='ocrx_word' id='word_1_195' title='bbox 3162 1388 3498 1457; x_wconf 85' lang='lat' dir='ltr'><strong>coepisc0pis</strong></span> <span class='ocrx_word' id='word_1_196' title='bbox 3524 1402 3623 1441; x_wconf 92' lang='lat' dir='ltr'><strong>no-</strong></span> 
     </span>
    </p>
   </div>
   <div class='ocr_carea' id='block_1_30' title="bbox 2026 1480 3616 1551">
    <p class='ocr_par' dir='ltr' id='par_1_30' title="bbox 2026 1480 3616 1551">
     <span class='ocr_line' id='line_1_30' title="bbox 2026 1480 3616 1551; baseline -0.004 -11"><span class='ocrx_word' id='word_1_197' title='bbox 2026 1486 2183 1551; x_wconf 82' lang='lat' dir='ltr'><strong>stris,</strong></span> <span class='ocrx_word' id='word_1_198' title='bbox 2200 1496 2251 1540; x_wconf 91' lang='lat' dir='ltr'><strong>et</strong></span> <span class='ocrx_word' id='word_1_199' title='bbox 2274 1484 2617 1539; x_wconf 83' lang='lat' dir='ltr'><strong>custodiente</strong></span> <span class='ocrx_word' id='word_1_200' title='bbox 2646 1482 2822 1537; x_wconf 81' lang='lat' dir='ltr'><strong>stabili</strong></span> <span class='ocrx_word' id='word_1_201' title='bbox 2849 1482 3103 1536; x_wconf 81' lang='lat' dir='ltr'><strong>firmitate</strong></span> <span class='ocrx_word' id='word_1_202' title='bbox 3127 1496 3426 1535; x_wconf 81' lang='lat' dir='ltr'><strong>servemus.</strong></span> <span class='ocrx_word' id='word_1_203' title='bbox 3448 1480 3616 1547; x_wconf 86' lang='lat' dir='ltr'><strong>Quam</strong></span> 
     </span>
    </p>
   </div>
   <div class='ocr_carea' id='block_1_31' title="bbox 2028 1573 3619 1647">
    <p class='ocr_par' dir='ltr' id='par_1_31' title="bbox 2028 1573 3619 1647">
     <span class='ocr_line' id='line_1_31' title="bbox 2028 1573 3619 1647; baseline -0.003 -17"><span class='ocrx_word' id='word_1_204' title='bbox 2028 1577 2255 1647; x_wconf 89' lang='lat' dir='ltr'><strong>piissimi</strong></span> <span class='ocrx_word' id='word_1_205' title='bbox 2299 1576 2554 1644; x_wconf 87' lang='lat' dir='ltr'><strong>principis</strong></span> <span class='ocrx_word' id='word_1_206' title='bbox 2596 1575 3023 1628; x_wconf 85' lang='lat' dir='ltr'><strong>adhortationem</strong></span> <span class='ocrx_word' id='word_1_207' title='bbox 3074 1573 3304 1628; x_wconf 76' lang='lat' dir='ltr'><strong>libenter</strong></span> <span class='ocrx_word' id='word_1_208' title='bbox 3342 1574 3619 1642; x_wconf 79' lang='lat' dir='ltr'><strong>amplecti-</strong></span> 
     </span>
    </p>
   </div>
   <div class='ocr_carea' id='block_1_32' title="bbox 2031 1664 3616 1735">
    <p class='ocr_par' dir='ltr' id='par_1_32' title="bbox 2031 1664 3616 1735">
     <span class='ocr_line' id='line_1_32' title="bbox 2031 1664 3616 1735; baseline -0.001 -15"><span class='ocrx_word' id='word_1_209' title='bbox 2031 1683 2169 1721; x_wconf 89' lang='lat' dir='ltr'><strong>mur.</strong></span> <span class='ocrx_word' id='word_1_210' title='bbox 2203 1667 2308 1723; x_wconf 89' lang='lat' dir='ltr'><strong>Sed</strong></span> <span class='ocrx_word' id='word_1_211' title='bbox 2340 1668 2382 1719; x_wconf 89' lang='lat' dir='ltr'><strong>si</strong></span> <span class='ocrx_word' id='word_1_212' title='bbox 2415 1666 2560 1735; x_wconf 86' lang='lat' dir='ltr'><strong>pacis</strong></span> <span class='ocrx_word' id='word_1_213' title='bbox 2588 1664 2805 1730; x_wconf 89' lang='lat' dir='ltr'><strong>bonum,</strong></span> <span class='ocrx_word' id='word_1_214' title='bbox 2841 1666 2980 1718; x_wconf 87' lang='lat' dir='ltr'><strong>sicut</strong></span> <span class='ocrx_word' id='word_1_215' title='bbox 3010 1664 3183 1718; x_wconf 90' lang='lat' dir='ltr'><strong>locum</strong></span> <span class='ocrx_word' id='word_1_216' title='bbox 3224 1665 3509 1719; x_wconf 85' lang='lat' dir='ltr'><strong>sacerdotii</strong></span> <span class='ocrx_word' id='word_1_217' title='bbox 3542 1665 3616 1719; x_wconf 90' lang='lat' dir='ltr'><strong>tui</strong></span> 
     </span>
    </p>
   </div>
   <div class='ocr_carea' id='block_1_33' title="bbox 332 1755 3615 1827">
    <p class='ocr_par' dir='ltr' id='par_1_33' title="bbox 332 1755 3615 1827">
     <span class='ocr_line' id='line_1_33' title="bbox 332 1755 3615 1827; baseline -0.001 -16"><span class='ocrx_word' id='word_1_218' title='bbox 332 1769 555 1826; x_wconf 89' lang='lat' dir='ltr'><strong>pseraut</strong></span> <span class='ocrx_word' id='word_1_219' title='bbox 598 1760 975 1813; x_wconf 86' lang='lat' dir='ltr'><strong>reservandas.</strong></span> <span class='ocrx_word' id='word_1_220' title='bbox 1007 1758 1203 1813; x_wconf 79' lang='lat' dir='ltr'><strong>Verum</strong></span> <span class='ocrx_word' id='word_1_221' title='bbox 1237 1775 1304 1815; x_wconf 91' lang='lat' dir='ltr'><strong>ne</strong></span> <span class='ocrx_word' id='word_1_222' title='bbox 1331 1763 1441 1816; x_wconf 89' lang='lat' dir='ltr'><strong>suis</strong></span> <span class='ocrx_word' id='word_1_223' title='bbox 1468 1763 1690 1817; x_wconf 88' lang='lat' dir='ltr'><strong>traditor</strong></span> <span class='ocrx_word' id='word_1_224' title='bbox 1719 1764 1927 1820; x_wconf 84' lang='lat' dir='ltr'><strong>\idere-</strong></span> <span class='ocrx_word' id='word_1_225' title='bbox 1958 1760 2001 1818; x_wconf 85' lang='grc' dir='ltr'><strong>Β</strong></span> <span class='ocrx_word' id='word_1_226' title='bbox 2030 1761 2305 1822; x_wconf 79' lang='lat' dir='ltr'><strong>convenit,</strong></span> <span class='ocrx_word' id='word_1_227' title='bbox 2335 1759 2605 1827; x_wconf 78' lang='lat' dir='ltr'><strong>sapienter</strong></span> <span class='ocrx_word' id='word_1_228' title='bbox 2631 1755 2896 1821; x_wconf 85' lang='lat' dir='ltr'><strong>attendas,</strong></span> <span class='ocrx_word' id='word_1_229' title='bbox 2927 1764 2981 1810; x_wconf 92' lang='lat' dir='ltr'><strong>et</strong></span> <span class='ocrx_word' id='word_1_230' title='bbox 3008 1757 3289 1810; x_wconf 84' lang='lat' dir='ltr'><strong>advertere</strong></span> <span class='ocrx_word' id='word_1_231' title='bbox 3328 1766 3382 1810; x_wconf 90' lang='lat' dir='ltr'><strong>et</strong></span> <span class='ocrx_word' id='word_1_232' title='bbox 3419 1757 3615 1822; x_wconf 68' lang='lat' dir='ltr'><strong>prazdi-</strong></span> 
     </span>
    </p>
   </div>
   <div class='ocr_carea' id='block_1_34' title="bbox 315 1848 1922 1924">
    <p class='ocr_par' dir='ltr' id='par_1_34' title="bbox 315 1848 1922 1924">
     <span class='ocr_line' id='line_1_34' title="bbox 315 1848 1922 1924; baseline 0.006 -24"><span class='ocrx_word' id='word_1_233' title='bbox 315 1860 441 1915; x_wconf 67' lang='grc' dir='ltr'><strong>σιω,</strong></span> <span class='ocrx_word' id='word_1_234' title='bbox 472 1848 662 1903; x_wconf 90' lang='lat' dir='ltr'><strong>talibus</strong></span> <span class='ocrx_word' id='word_1_235' title='bbox 696 1848 874 1904; x_wconf 78' lang='lat' dir='ltr'><strong>verbis</strong></span> <span class='ocrx_word' id='word_1_236' title='bbox 900 1864 994 1903; x_wconf 90' lang='lat' dir='ltr'><strong>eos</strong></span> <span class='ocrx_word' id='word_1_237' title='bbox 1026 1850 1229 1914; x_wconf 78' lang='lat' dir='ltr'><strong>fefellit,</strong></span> <span class='ocrx_word' id='word_1_238' title='bbox 1262 1860 1319 1905; x_wconf 91' lang='lat' dir='ltr'><strong>ut</strong></span> <span class='ocrx_word' id='word_1_239' title='bbox 1346 1852 1548 1907; x_wconf 87' lang='lat' dir='ltr'><strong>diceret</strong></span> <span class='ocrx_word' id='word_1_240' title='bbox 1577 1871 1590 1905; x_wconf 87' lang='lat'><strong>:</strong></span> <span class='ocrx_word' id='word_1_241' title='bbox 1621 1853 1759 1921; x_wconf 83' lang='lat' dir='ltr'><strong>Quid</strong></span> <span class='ocrx_word' id='word_1_242' title='bbox 1785 1856 1922 1924; x_wconf 77' lang='lat' dir='ltr'><strong>apud</strong></span> 
     </span>
    </p>
   </div>
   <div class='ocr_carea' id='block_1_35' title="bbox 333 1942 1924 2015">
    <p class='ocr_par' dir='ltr' id='par_1_35' title="bbox 333 1942 1924 2015">
     <span class='ocr_line' id='line_1_35' title="bbox 333 1942 1924 2015; baseline 0.004 -20"><span class='ocrx_word' id='word_1_243' title='bbox 333 1954 437 1995; x_wconf 88' lang='lat' dir='ltr'><strong>nos</strong></span> <span class='ocrx_word' id='word_1_244' title='bbox 466 1956 804 1995; x_wconf 78' lang='lat' dir='ltr'><strong>reservamus</strong></span> <span class='ocrx_word' id='word_1_245' title='bbox 839 1942 938 1996; x_wconf 59' lang='lat' dir='ltr'><strong>Ista</strong></span> <span class='ocrx_word' id='word_1_246' title='bbox 968 1943 1233 1997; x_wconf 68' lang='lat' dir='ltr'><strong>contraria</strong></span> <span class='ocrx_word' id='word_1_247' title='bbox 1263 1945 1470 2015; x_wconf 83' lang='lat' dir='ltr'><strong>synodo</strong></span> <span class='ocrx_word' id='word_1_248' title='bbox 1502 1945 1924 2001; x_wconf 86' lang='lat' dir='ltr'><strong>Cbalcedonensi</strong></span> 
     </span>
    </p>
   </div>
   <div class='ocr_carea' id='block_1_36' title="bbox 331 2033 1922 2103">
    <p class='ocr_par' dir='ltr' id='par_1_36' title="bbox 331 2033 1922 2103">
     <span class='ocr_line' id='line_1_36' title="bbox 331 2033 1922 2103; baseline 0.006 -17"><span class='ocrx_word' id='word_1_249' title='bbox 331 2046 615 2100; x_wconf 73' lang='lat' dir='ltr'><strong>respousa.</strong></span> <span class='ocrx_word' id='word_1_250' title='bbox 641 2041 698 2085; x_wconf 89' lang='lat' dir='ltr'><strong>ut</strong></span> <span class='ocrx_word' id='word_1_251' title='bbox 724 2033 935 2086; x_wconf 86' lang='lat' dir='ltr'><strong>inventa</strong></span> <span class='ocrx_word' id='word_1_252' title='bbox 958 2033 1277 2103; x_wconf 90' lang='lat' dir='ltr'><strong>quandoque</strong></span> <span class='ocrx_word' id='word_1_253' title='bbox 1305 2035 1355 2088; x_wconf 92' lang='lat' dir='ltr'><strong>iu</strong></span> <span class='ocrx_word' id='word_1_254' title='bbox 1387 2034 1641 2091; x_wconf 70' lang='lat' dir='ltr'><strong>Ecclesiae</strong></span> <span class='ocrx_word' id='word_1_255' title='bbox 1668 2036 1922 2095; x_wconf 75' lang='lat' dir='ltr'><strong>Romana:</strong></span> 
     </span>
    </p>
   </div>
   <div class='ocr_carea' id='block_1_37' title="bbox 327 2121 1924 2190">
    <p class='ocr_par' dir='ltr' id='par_1_37' title="bbox 327 2121 1924 2190">
     <span class='ocr_line' id='line_1_37' title="bbox 327 2121 1924 2190; baseline 0.004 -13"><span class='ocrx_word' id='word_1_256' title='bbox 327 2121 537 2177; x_wconf 83' lang='lat' dir='ltr'><strong>scrinio</strong></span> <span class='ocrx_word' id='word_1_257' title='bbox 563 2136 593 2173; x_wconf 88' lang='lat' dir='ltr'><strong>a</strong></span> <span class='ocrx_word' id='word_1_258' title='bbox 624 2121 780 2176; x_wconf 88' lang='lat' dir='ltr'><strong>nobis</strong></span> <span class='ocrx_word' id='word_1_259' title='bbox 811 2124 1101 2190; x_wconf 87' lang='lat' dir='ltr'><strong>approbata</strong></span> <span class='ocrx_word' id='word_1_260' title='bbox 1141 2124 1461 2179; x_wconf 86' lang='lat' dir='ltr'><strong>credantur?</strong></span> <span class='ocrx_word' id='word_1_261' title='bbox 1493 2126 1599 2181; x_wconf 88' lang='lat' dir='ltr'><strong>Sed</strong></span> <span class='ocrx_word' id='word_1_262' title='bbox 1637 2126 1924 2184; x_wconf 66' lang='lat' dir='ltr'><strong>aderamus</strong></span> 
     </span>
    </p>
   </div>
   <div class='ocr_carea' id='block_1_38' title="bbox 326 2213 1925 2287">
    <p class='ocr_par' dir='ltr' id='par_1_38' title="bbox 326 2213 1925 2287">
     <span class='ocr_line' id='line_1_38' title="bbox 326 2213 1925 2287; baseline 0.005 -20"><span class='ocrx_word' id='word_1_263' title='bbox 326 2214 423 2268; x_wconf 82' lang='lat' dir='ltr'><strong>illa</strong></span> <span class='ocrx_word' id='word_1_264' title='bbox 468 2213 521 2266; x_wconf 90' lang='lat' dir='ltr'><strong>in</strong></span> <span class='ocrx_word' id='word_1_265' title='bbox 572 2213 847 2282; x_wconf 85' lang='lat' dir='ltr'><strong>palatium,</strong></span> <span class='ocrx_word' id='word_1_266' title='bbox 880 2225 933 2268; x_wconf 92' lang='lat' dir='ltr'><strong>et</strong></span> <span class='ocrx_word' id='word_1_267' title='bbox 973 2213 1042 2268; x_wconf 89' lang='lat' dir='ltr'><strong>de</strong></span> <span class='ocrx_word' id='word_1_268' title='bbox 1080 2214 1186 2268; x_wconf 89' lang='lat' dir='ltr'><strong>illis</strong></span> <span class='ocrx_word' id='word_1_269' title='bbox 1223 2217 1421 2286; x_wconf 77' lang='lat' dir='ltr'><strong>agant‘</strong></span> <span class='ocrx_word' id='word_1_270' title='bbox 1456 2235 1470 2270; x_wconf 87' lang='lat'><strong>:</strong></span> <span class='ocrx_word' id='word_1_271' title='bbox 1501 2217 1598 2286; x_wconf 89' lang='lat' dir='ltr'><strong>ipsi</strong></span> <span class='ocrx_word' id='word_1_272' title='bbox 1621 2218 1729 2287; x_wconf 88' lang='lat' dir='ltr'><strong>jam</strong></span> <span class='ocrx_word' id='word_1_273' title='bbox 1760 2235 1925 2275; x_wconf 85' lang='lat' dir='ltr'><strong>nove-</strong></span> 
     </span>
    </p>
   </div>
   <div class='ocr_carea' id='block_1_39' title="bbox 330 2305 1920 2380">
    <p class='ocr_par' dir='ltr' id='par_1_39' title="bbox 330 2305 1920 2380">
     <span class='ocr_line' id='line_1_39' title="bbox 330 2305 1920 2380; baseline 0.004 -20"><span class='ocrx_word' id='word_1_274' title='bbox 330 2307 463 2360; x_wconf 77' lang='lat' dir='ltr'><strong>rint.</strong></span> <span class='ocrx_word' id='word_1_275' title='bbox 497 2305 659 2371; x_wconf 82' lang='lat' dir='ltr'><strong>Quasi</strong></span> <span class='ocrx_word' id='word_1_276' title='bbox 707 2320 769 2363; x_wconf 83' lang='lat' dir='ltr'><strong>ea</strong></span> <span class='ocrx_word' id='word_1_277' title='bbox 816 2305 1064 2361; x_wconf 89' lang='lat' dir='ltr'><strong>scindere</strong></span> <span class='ocrx_word' id='word_1_278' title='bbox 1103 2307 1185 2361; x_wconf 86' lang='lat' dir='ltr'><strong>vel</strong></span> <span class='ocrx_word' id='word_1_279' title='bbox 1233 2323 1390 2363; x_wconf 87' lang='lat' dir='ltr'><strong>urere</strong></span> <span class='ocrx_word' id='word_1_280' title='bbox 1421 2309 1533 2377; x_wconf 90' lang='lat' dir='ltr'><strong>ipse</strong></span> <span class='ocrx_word' id='word_1_281' title='bbox 1573 2325 1677 2364; x_wconf 90' lang='lat' dir='ltr'><strong>non</strong></span> <span class='ocrx_word' id='word_1_282' title='bbox 1719 2319 1920 2380; x_wconf 87' lang='lat' dir='ltr'><strong>posset,</strong></span> 
     </span>
    </p>
   </div>
   <div class='ocr_carea' id='block_1_40' title="bbox 326 2399 1924 2471">
    <p class='ocr_par' dir='ltr' id='par_1_40' title="bbox 326 2399 1924 2471">
     <span class='ocr_line' id='line_1_40' title="bbox 326 2399 1924 2471; baseline 0.004 -21"><span class='ocrx_word' id='word_1_283' title='bbox 326 2406 423 2450; x_wconf 89' lang='lat' dir='ltr'><strong>aut</strong></span> <span class='ocrx_word' id='word_1_284' title='bbox 444 2411 544 2466; x_wconf 87' lang='lat' dir='ltr'><strong>per</strong></span> <span class='ocrx_word' id='word_1_285' title='bbox 562 2412 713 2451; x_wconf 84' lang='lat' dir='ltr'><strong>suam</strong></span> <span class='ocrx_word' id='word_1_286' title='bbox 737 2411 998 2452; x_wconf 88' lang='lat' dir='ltr'><strong>evacuare</strong></span> <span class='ocrx_word' id='word_1_287' title='bbox 1020 2399 1369 2466; x_wconf 78' lang='lat' dir='ltr'><strong>sententiam,</strong></span> <span class='ocrx_word' id='word_1_288' title='bbox 1392 2410 1485 2453; x_wconf 88' lang='lat' dir='ltr'><strong>aut</strong></span> <span class='ocrx_word' id='word_1_289' title='bbox 1509 2402 1641 2470; x_wconf 89' lang='lat' dir='ltr'><strong>ipsis</strong></span> <span class='ocrx_word' id='word_1_290' title='bbox 1672 2416 1701 2455; x_wconf 90' lang='lat' dir='ltr'><strong>a</strong></span> <span class='ocrx_word' id='word_1_291' title='bbox 1731 2404 1924 2471; x_wconf 89' lang='lat' dir='ltr'><strong>quibus</strong></span> 
     </span>
    </p>
   </div>
   <div class='ocr_carea' id='block_1_41' title="bbox 328 2487 1918 2563">
    <p class='ocr_par' dir='ltr' id='par_1_41' title="bbox 328 2487 1918 2563">
     <span class='ocr_line' id='line_1_41' title="bbox 328 2487 1918 2563; baseline 0.004 -22"><span class='ocrx_word' id='word_1_292' title='bbox 328 2487 546 2543; x_wconf 80' lang='lat' dir='ltr'><strong>fuerant</strong></span> <span class='ocrx_word' id='word_1_293' title='bbox 582 2489 705 2542; x_wconf 85' lang='lat' dir='ltr'><strong>data</strong></span> <span class='ocrx_word' id='word_1_294' title='bbox 749 2490 1033 2544; x_wconf 80' lang='lat' dir='ltr'><strong>retundere</strong></span> <span class='ocrx_word' id='word_1_295' title='bbox 1073 2507 1086 2543; x_wconf 90' lang='lat'><strong>:</strong></span> <span class='ocrx_word' id='word_1_296' title='bbox 1127 2505 1247 2561; x_wconf 68' lang='lat' dir='ltr'><strong>qua:</strong></span> <span class='ocrx_word' id='word_1_297' title='bbox 1277 2505 1374 2545; x_wconf 90' lang='lat' dir='ltr'><strong>nec</strong></span> <span class='ocrx_word' id='word_1_298' title='bbox 1416 2493 1691 2561; x_wconf 83' lang='lat' dir='ltr'><strong>suscipere</strong></span> <span class='ocrx_word' id='word_1_299' title='bbox 1725 2493 1793 2547; x_wconf 87' lang='lat' dir='ltr'><strong>ab</strong></span> <span class='ocrx_word' id='word_1_300' title='bbox 1820 2496 1918 2563; x_wconf 87' lang='lat' dir='ltr'><strong>eis,</strong></span> 
     </span>
    </p>
   </div>
   <div class='ocr_carea' id='block_1_42' title="bbox 329 2585 1924 2657">
    <p class='ocr_par' dir='ltr' id='par_1_42' title="bbox 329 2585 1924 2657">
     <span class='ocr_line' id='line_1_42' title="bbox 329 2585 1924 2657; baseline 0.004 -21"><span class='ocrx_word' id='word_1_301' title='bbox 329 2598 431 2651; x_wconf 85' lang='lat' dir='ltr'><strong>nec</strong></span> <span class='ocrx_word' id='word_1_302' title='bbox 457 2595 780 2652; x_wconf 73' lang='lat' dir='ltr'><strong>estorquere</strong></span> <span class='ocrx_word' id='word_1_303' title='bbox 810 2585 1092 2653; x_wconf 77' lang='lat' dir='ltr'><strong>debuerat,</strong></span> <span class='ocrx_word' id='word_1_304' title='bbox 1123 2587 1189 2641; x_wconf 78' lang='lat' dir='ltr'><strong>si&#39;</strong></span> <span class='ocrx_word' id='word_1_305' title='bbox 1208 2602 1336 2642; x_wconf 83' lang='lat' dir='ltr'><strong>vere</strong></span> <span class='ocrx_word' id='word_1_306' title='bbox 1367 2585 1730 2655; x_wconf 54' lang='lat' dir='ltr'><strong>pra’judieium</strong></span> <span class='ocrx_word' id='word_1_307' title='bbox 1761 2600 1924 2657; x_wconf 88' lang='lat' dir='ltr'><strong>gene-</strong></span> 
     </span>
    </p>
   </div>
   <div class='ocr_carea' id='block_1_43' title="bbox 329 2673 1918 2751">
    <p class='ocr_par' dir='ltr' id='par_1_43' title="bbox 329 2673 1918 2751">
     <span class='ocr_line' id='line_1_43' title="bbox 329 2673 1918 2751; baseline 0.007 -26"><span class='ocrx_word' id='word_1_308' title='bbox 329 2673 460 2727; x_wconf 89' lang='lat' dir='ltr'><strong>ralis</strong></span> <span class='ocrx_word' id='word_1_309' title='bbox 488 2674 678 2744; x_wconf 80' lang='lat' dir='ltr'><strong>synodi</strong></span> <span class='ocrx_word' id='word_1_310' title='bbox 712 2677 1067 2745; x_wconf 77' lang='lat' dir='ltr'><strong>przecavebat.</strong></span> <span class='ocrx_word' id='word_1_311' title='bbox 1097 2677 1272 2748; x_wconf 86' lang='lat' dir='ltr'><strong>Atque</strong></span> <span class='ocrx_word' id='word_1_312' title='bbox 1314 2680 1414 2734; x_wconf 85' lang='lat' dir='ltr'><strong>ista</strong></span> <span class='ocrx_word' id='word_1_313' title='bbox 1455 2680 1476 2711; x_wconf 82' lang='grc'><strong><em>²</em></strong></span> <span class='ocrx_word' id='word_1_314' title='bbox 1503 2680 1654 2734; x_wconf 91' lang='lat' dir='ltr'><strong>solita</strong></span> <span class='ocrx_word' id='word_1_315' title='bbox 1683 2681 1918 2751; x_wconf 85' lang='lat' dir='ltr'><strong>ﬁctione,</strong></span> 
     </span>
    </p>
   </div>
   <div class='ocr_carea' id='block_1_44' title="bbox 330 2762 1922 2840">
    <p class='ocr_par' dir='ltr' id='par_1_44' title="bbox 330 2762 1922 2840">
     <span class='ocr_line' id='line_1_44' title="bbox 330 2762 1922 2840; baseline 0.005 -23"><span class='ocrx_word' id='word_1_316' title='bbox 330 2762 538 2833; x_wconf 74' lang='lat' dir='ltr'><strong>[ingens</strong></span> <span class='ocrx_word' id='word_1_317' title='bbox 584 2766 701 2833; x_wconf 86' lang='lat' dir='ltr'><strong>ejus</strong></span> <span class='ocrx_word' id='word_1_318' title='bbox 743 2767 1115 2836; x_wconf 70' lang='lat' dir='ltr'><strong>praeiudicium</strong></span> <span class='ocrx_word' id='word_1_319' title='bbox 1144 2784 1204 2825; x_wconf 89' lang='lat' dir='ltr'><strong>se</strong></span> <span class='ocrx_word' id='word_1_320' title='bbox 1231 2783 1444 2837; x_wconf 87' lang='lat' dir='ltr'><strong>cavere,</strong></span> <span class='ocrx_word' id='word_1_321' title='bbox 1471 2769 1576 2824; x_wconf 85' lang='lat' dir='ltr'><strong>hoc</strong></span> <span class='ocrx_word' id='word_1_322' title='bbox 1602 2784 1700 2840; x_wconf 90' lang='lat' dir='ltr'><strong>pro</strong></span> <span class='ocrx_word' id='word_1_323' title='bbox 1728 2772 1922 2825; x_wconf 78' lang='lat' dir='ltr'><strong>volun-</strong></span> 
     </span>
    </p>
   </div>
   <div class='ocr_carea' id='block_1_45' title="bbox 332 2858 1920 2927">
    <p class='ocr_par' dir='ltr' id='par_1_45' title="bbox 332 2858 1920 2927">
     <span class='ocr_line' id='line_1_45' title="bbox 332 2858 1920 2927; baseline 0.004 -18"><span class='ocrx_word' id='word_1_324' title='bbox 332 2865 444 2910; x_wconf 85' lang='lat' dir='ltr'><strong>tate</strong></span> <span class='ocrx_word' id='word_1_325' title='bbox 490 2858 881 2912; x_wconf 84' lang='lat' dir='ltr'><strong>contrariorum</strong></span> <span class='ocrx_word' id='word_1_326' title='bbox 937 2859 1098 2925; x_wconf 81' lang='lat' dir='ltr'><strong>fecit,</strong></span> <span class='ocrx_word' id='word_1_327' title='bbox 1145 2860 1285 2927; x_wconf 84' lang='lat' dir='ltr'><strong>quod</strong></span> <span class='ocrx_word' id='word_1_328' title='bbox 1334 2860 1387 2913; x_wconf 84' lang='lat' dir='ltr'><strong>ei</strong></span> <span class='ocrx_word' id='word_1_329' title='bbox 1432 2860 1477 2914; x_wconf 90' lang='lat' dir='ltr'><strong>si</strong></span> <span class='ocrx_word' id='word_1_330' title='bbox 1524 2860 1920 2916; x_wconf 85' lang='lat' dir='ltr'><strong>dissimulemus</strong></span> 
     </span>
    </p>
   </div>
   <div class='ocr_carea' id='block_1_46' title="bbox 328 2948 1923 3021">
    <p class='ocr_par' dir='ltr' id='par_1_46' title="bbox 328 2948 1923 3021">
     <span class='ocr_line' id='line_1_46' title="bbox 328 2948 1923 3021; baseline 0.003 -19"><span class='ocrx_word' id='word_1_331' title='bbox 328 2948 666 3017; x_wconf 76' lang='lat' dir='ltr'><strong>praeiudicet.</strong></span> <span class='ocrx_word' id='word_1_332' title='bbox 705 2948 987 3016; x_wconf 87' lang='lat' dir='ltr'><strong>Quomodo</strong></span> <span class='ocrx_word' id='word_1_333' title='bbox 1032 2950 1175 3005; x_wconf 89' lang='lat' dir='ltr'><strong>enim</strong></span> <span class='ocrx_word' id='word_1_334' title='bbox 1224 2966 1332 3004; x_wconf 87' lang='lat' dir='ltr'><strong>non</strong></span> <span class='ocrx_word' id='word_1_335' title='bbox 1383 2950 1722 3021; x_wconf 65' lang='lat' dir='ltr'><strong>pra&#39;judicet,</strong></span> <span class='ocrx_word' id='word_1_336' title='bbox 1746 2953 1794 3004; x_wconf 89' lang='lat' dir='ltr'><strong>si</strong></span> <span class='ocrx_word' id='word_1_337' title='bbox 1826 2951 1923 3007; x_wconf 59' lang='lat' dir='ltr'><strong>dea</strong></span> 
     </span>
    </p>
   </div>
   <div class='ocr_carea' id='block_1_47' title="bbox 328 3043 1923 3112">
    <p class='ocr_par' dir='ltr' id='par_1_47' title="bbox 328 3043 1923 3112">
     <span class='ocr_line' id='line_1_47' title="bbox 328 3043 1923 3112; baseline 0.003 -18"><span class='ocrx_word' id='word_1_338' title='bbox 328 3050 700 3097; x_wconf 89' lang='lat' dir='ltr'><strong>monstrentur</strong></span> <span class='ocrx_word' id='word_1_339' title='bbox 730 3044 799 3098; x_wconf 90' lang='lat'><strong>70</strong></span> <span class='ocrx_word' id='word_1_340' title='bbox 839 3043 1054 3098; x_wconf 90' lang='lat' dir='ltr'><strong>circiter</strong></span> <span class='ocrx_word' id='word_1_341' title='bbox 1095 3044 1333 3112; x_wconf 86' lang='lat' dir='ltr'><strong>episcopi</strong></span> <span class='ocrx_word' id='word_1_342' title='bbox 1364 3059 1484 3098; x_wconf 90' lang='lat' dir='ltr'><strong>cum</strong></span> <span class='ocrx_word' id='word_1_343' title='bbox 1520 3045 1759 3098; x_wconf 79' lang='lat' dir='ltr'><strong>Romano</strong></span> <span class='ocrx_word' id='word_1_344' title='bbox 1785 3045 1923 3099; x_wconf 86' lang='lat' dir='ltr'><strong>anti-</strong></span> 
     </span>
    </p>
   </div>
   <div class='ocr_carea' id='block_1_48' title="bbox 2031 1846 3617 1916">
    <p class='ocr_par' dir='ltr' id='par_1_48' title="bbox 2031 1846 3617 1916">
     <span class='ocr_line' id='line_1_48' title="bbox 2031 1846 3617 1916; baseline -0.002 -12"><span class='ocrx_word' id='word_1_345' title='bbox 2031 1866 2156 1905; x_wconf 87' lang='lat' dir='ltr'><strong>care</strong></span> <span class='ocrx_word' id='word_1_346' title='bbox 2195 1860 2247 1904; x_wconf 93' lang='lat' dir='ltr'><strong>te</strong></span> <span class='ocrx_word' id='word_1_347' title='bbox 2291 1864 2509 1903; x_wconf 87' lang='lat' dir='ltr'><strong>necesse</strong></span> <span class='ocrx_word' id='word_1_348' title='bbox 2539 1859 2621 1903; x_wconf 88' lang='lat' dir='ltr'><strong>est</strong></span> <span class='ocrx_word' id='word_1_349' title='bbox 2647 1862 2765 1916; x_wconf 75' lang='lat' dir='ltr'><strong>qua:</strong></span> <span class='ocrx_word' id='word_1_350' title='bbox 2797 1861 2895 1916; x_wconf 80' lang='lat' dir='ltr'><strong>pax</strong></span> <span class='ocrx_word' id='word_1_351' title='bbox 2930 1847 2980 1900; x_wconf 90' lang='lat' dir='ltr'><strong>in</strong></span> <span class='ocrx_word' id='word_1_352' title='bbox 3010 1846 3101 1901; x_wconf 90' lang='lat' dir='ltr'><strong>Dei</strong></span> <span class='ocrx_word' id='word_1_353' title='bbox 3146 1846 3381 1901; x_wconf 85' lang='lat' dir='ltr'><strong>Ecclesia</strong></span> <span class='ocrx_word' id='word_1_354' title='bbox 3418 1847 3490 1900; x_wconf 89' lang='lat' dir='ltr'><strong>sit</strong></span> <span class='ocrx_word' id='word_1_355' title='bbox 3536 1855 3617 1902; x_wconf 82' lang='lat' dir='ltr'><strong>te-</strong></span> 
     </span>
    </p>
   </div>
   <div class='ocr_carea' id='block_1_49' title="bbox 2029 1939 3617 2008">
    <p class='ocr_par' dir='ltr' id='par_1_49' title="bbox 2029 1939 3617 2008">
     <span class='ocr_line' id='line_1_49' title="bbox 2029 1939 3617 2008; baseline -0.004 -10"><span class='ocrx_word' id='word_1_356' title='bbox 2029 1942 2226 2007; x_wconf 87' lang='lat' dir='ltr'><strong>nenda,</strong></span> <span class='ocrx_word' id='word_1_357' title='bbox 2266 1956 2387 1995; x_wconf 91' lang='lat' dir='ltr'><strong>cum</strong></span> <span class='ocrx_word' id='word_1_358' title='bbox 2436 1941 2748 2008; x_wconf 79' lang='lat' dir='ltr'><strong>Apostolus,</strong></span> <span class='ocrx_word' id='word_1_359' title='bbox 2779 1940 2869 2007; x_wconf 89' lang='lat' dir='ltr'><strong>qui</strong></span> <span class='ocrx_word' id='word_1_360' title='bbox 2911 1939 3192 1993; x_wconf 90' lang='lat' dir='ltr'><strong>Dominum</strong></span> <span class='ocrx_word' id='word_1_361' title='bbox 3237 1952 3475 1994; x_wconf 81' lang='lat' dir='ltr'><strong>nOSIrutn</strong></span> <span class='ocrx_word' id='word_1_362' title='bbox 3506 1940 3617 2005; x_wconf 79' lang='lat' dir='ltr'><strong>Spi-</strong></span> 
     </span>
    </p>
   </div>
   <div class='ocr_carea' id='block_1_50' title="bbox 2029 2027 3617 2099">
    <p class='ocr_par' dir='ltr' id='par_1_50' title="bbox 2029 2027 3617 2099">
     <span class='ocr_line' id='line_1_50' title="bbox 2029 2027 3617 2099; baseline -0.003 -12"><span class='ocrx_word' id='word_1_363' title='bbox 2029 2033 2188 2087; x_wconf 86' lang='lat' dir='ltr'><strong>rilum</strong></span> <span class='ocrx_word' id='word_1_364' title='bbox 2230 2031 2283 2086; x_wconf 84' lang='lat' dir='ltr'><strong>iu</strong></span> <span class='ocrx_word' id='word_1_365' title='bbox 2331 2046 2391 2085; x_wconf 84' lang='lat' dir='ltr'><strong>se</strong></span> <span class='ocrx_word' id='word_1_366' title='bbox 2437 2030 2582 2099; x_wconf 87' lang='lat' dir='ltr'><strong>loqui</strong></span> <span class='ocrx_word' id='word_1_367' title='bbox 2630 2029 2917 2098; x_wconf 77' lang='lat' dir='ltr'><strong>perhibuit,</strong></span> <span class='ocrx_word' id='word_1_368' title='bbox 2946 2028 3066 2083; x_wconf 86' lang='lat' dir='ltr'><strong>ait:</strong></span> <span class='ocrx_word' id='word_1_369' title='bbox 3101 2028 3217 2082; x_wconf 78' lang='lat' dir='ltr'><strong>Pax</strong></span> <span class='ocrx_word' id='word_1_370' title='bbox 3258 2027 3466 2093; x_wconf 78' lang='lat' dir='ltr'><strong>Christi,</strong></span> <span class='ocrx_word' id='word_1_371' title='bbox 3506 2044 3617 2098; x_wconf 72' lang='lat' dir='ltr'><strong>qua</strong></span> 
     </span>
    </p>
   </div>
   <div class='ocr_carea' id='block_1_51' title="bbox 2028 2121 3617 2196">
    <p class='ocr_par' dir='ltr' id='par_1_51' title="bbox 2028 2121 3617 2196">
     <span class='ocr_line' id='line_1_51' title="bbox 2028 2121 3617 2196; baseline -0.001 -18"><span class='ocrx_word' id='word_1_372' title='bbox 2028 2133 2294 2196; x_wconf 73' lang='lat' dir='ltr'><strong>exsuperat</strong></span> <span class='ocrx_word' id='word_1_373' title='bbox 2341 2140 2540 2177; x_wconf 85' lang='lat' dir='ltr'><strong>onmem</strong></span> <span class='ocrx_word' id='word_1_374' title='bbox 2590 2138 2812 2186; x_wconf 76' lang='lat' dir='ltr'><strong>sensum,</strong></span> <span class='ocrx_word' id='word_1_375' title='bbox 2864 2121 3125 2175; x_wconf 74' lang='lat' dir='ltr'><strong>custodiat</strong></span> <span class='ocrx_word' id='word_1_376' title='bbox 3168 2123 3323 2174; x_wconf 86' lang='lat' dir='ltr'><strong>corda</strong></span> <span class='ocrx_word' id='word_1_377' title='bbox 3364 2132 3527 2175; x_wconf 84' lang='lat' dir='ltr'><strong>vestra</strong></span> <span class='ocrx_word' id='word_1_378' title='bbox 3568 2130 3617 2176; x_wconf 81' lang='lat' dir='ltr'><strong>et</strong></span> 
     </span>
    </p>
   </div>
   <div class='ocr_carea' id='block_1_52' title="bbox 2028 2211 3613 2287">
    <p class='ocr_par' dir='ltr' id='par_1_52' title="bbox 2028 2211 3613 2287">
     <span class='ocr_line' id='line_1_52' title="bbox 2028 2211 3613 2287; baseline -0.004 -16"><span class='ocrx_word' id='word_1_379' title='bbox 2028 2216 2388 2287; x_wconf 67' lang='lat' dir='ltr'><strong>iutelr’igentias</strong></span> <span class='ocrx_word' id='word_1_380' title='bbox 2416 2223 2605 2269; x_wconf 77' lang='lat' dir='ltr'><strong>vestras</strong></span> <span class='ocrx_word' id='word_1_381' title='bbox 2635 2212 2863 2283; x_wconf 82' lang='lat' dir='ltr'><strong>(Philip.</strong></span> <span class='ocrx_word' id='word_1_382' title='bbox 2897 2228 2970 2279; x_wconf 89' lang='lat' dir='ltr'><strong>tv,</strong></span> <span class='ocrx_word' id='word_1_383' title='bbox 3004 2212 3082 2281; x_wconf 83' lang='lat'><strong>7).</strong></span> <span class='ocrx_word' id='word_1_384' title='bbox 3109 2212 3226 2280; x_wconf 81' lang='lat' dir='ltr'><strong>ipse</strong></span> <span class='ocrx_word' id='word_1_385' title='bbox 3256 2222 3432 2266; x_wconf 86' lang='lat' dir='ltr'><strong>autem</strong></span> <span class='ocrx_word' id='word_1_386' title='bbox 3462 2211 3613 2265; x_wconf 75' lang='lat' dir='ltr'><strong>Chri-</strong></span> 
     </span>
    </p>
   </div>
   <div class='ocr_carea' id='block_1_53' title="bbox 2028 2301 3615 2370">
    <p class='ocr_par' dir='ltr' id='par_1_53' title="bbox 2028 2301 3615 2370">
     <span class='ocr_line' id='line_1_53' title="bbox 2028 2301 3615 2370; baseline -0.004 -8"><span class='ocrx_word' id='word_1_387' title='bbox 2028 2317 2143 2362; x_wconf 89' lang='lat' dir='ltr'><strong>stus</strong></span> <span class='ocrx_word' id='word_1_388' title='bbox 2172 2308 2312 2362; x_wconf 89' lang='lat' dir='ltr'><strong>Deus</strong></span> <span class='ocrx_word' id='word_1_389' title='bbox 2353 2316 2536 2360; x_wconf 86' lang='lat' dir='ltr'><strong>noster</strong></span> <span class='ocrx_word' id='word_1_390' title='bbox 2566 2304 2751 2357; x_wconf 89' lang='lat' dir='ltr'><strong>volens</strong></span> <span class='ocrx_word' id='word_1_391' title='bbox 2785 2302 3032 2370; x_wconf 62' lang='lat' dir='ltr'><strong>perfecta:</strong></span> <span class='ocrx_word' id='word_1_392' title='bbox 3063 2310 3087 2337; x_wconf 79' lang='grc'><strong>³·</strong></span> <span class='ocrx_word' id='word_1_393' title='bbox 3122 2301 3265 2368; x_wconf 86' lang='lat' dir='ltr'><strong>pacis</strong></span> <span class='ocrx_word' id='word_1_394' title='bbox 3296 2301 3489 2356; x_wconf 87' lang='lat' dir='ltr'><strong>indicia</strong></span> <span class='ocrx_word' id='word_1_395' title='bbox 3518 2301 3615 2356; x_wconf 90' lang='lat' dir='ltr'><strong>de-</strong></span> 
     </span>
    </p>
   </div>
   <div class='ocr_carea' id='block_1_54' title="bbox 2029 2396 3615 2465">
    <p class='ocr_par' dir='ltr' id='par_1_54' title="bbox 2029 2396 3615 2465">
     <span class='ocr_line' id='line_1_54' title="bbox 2029 2396 3615 2465; baseline -0.006 -9"><span class='ocrx_word' id='word_1_396' title='bbox 2029 2409 2352 2465; x_wconf 88' lang='lat' dir='ltr'><strong>monstrare,</strong></span> <span class='ocrx_word' id='word_1_397' title='bbox 2380 2399 2511 2454; x_wconf 90' lang='lat' dir='ltr'><strong>dicit</strong></span> <span class='ocrx_word' id='word_1_398' title='bbox 2536 2415 2552 2453; x_wconf 87' lang='lat'><strong>:</strong></span> <span class='ocrx_word' id='word_1_399' title='bbox 2582 2397 2768 2451; x_wconf 72' lang='lat' dir='ltr'><strong>Pacem</strong></span> <span class='ocrx_word' id='word_1_400' title='bbox 2797 2413 2959 2449; x_wconf 70' lang='lat' dir='ltr'><strong>meam</strong></span> <span class='ocrx_word' id='word_1_401' title='bbox 2990 2397 3223 2464; x_wconf 79' lang='lat' dir='ltr'><strong>relinquo</strong></span> <span class='ocrx_word' id='word_1_402' title='bbox 3252 2396 3407 2459; x_wconf 79' lang='lat' dir='ltr'><strong>vobis,</strong></span> <span class='ocrx_word' id='word_1_403' title='bbox 3436 2411 3615 2465; x_wconf 81' lang='lat' dir='ltr'><strong>pacem</strong></span> 
     </span>
    </p>
   </div>
   <div class='ocr_carea' id='block_1_55' title="bbox 2028 2488 3614 2557">
    <p class='ocr_par' dir='ltr' id='par_1_55' title="bbox 2028 2488 3614 2557">
     <span class='ocr_line' id='line_1_55' title="bbox 2028 2488 3614 2557; baseline -0.004 -11"><span class='ocrx_word' id='word_1_404' title='bbox 2028 2498 2193 2546; x_wconf 63' lang='lat' dir='ltr'><strong>&quot;team</strong></span> <span class='ocrx_word' id='word_1_405' title='bbox 2229 2493 2295 2544; x_wconf 86' lang='lat' dir='ltr'><strong>do</strong></span> <span class='ocrx_word' id='word_1_406' title='bbox 2342 2492 2480 2544; x_wconf 84' lang='lat' dir='ltr'><strong>vobis</strong></span> <span class='ocrx_word' id='word_1_407' title='bbox 2508 2505 2528 2545; x_wconf 90' lang='lat'><strong><em>:</em></strong></span> <span class='ocrx_word' id='word_1_408' title='bbox 2560 2504 2661 2543; x_wconf 81' lang='lat' dir='ltr'><strong>non</strong></span> <span class='ocrx_word' id='word_1_409' title='bbox 2701 2489 2951 2557; x_wconf 82' lang='lat' dir='ltr'><strong>quomodo</strong></span> <span class='ocrx_word' id='word_1_410' title='bbox 2996 2489 3219 2541; x_wconf 73' lang='lat' dir='ltr'><strong>mundus</strong></span> <span class='ocrx_word' id='word_1_411' title='bbox 3262 2488 3372 2553; x_wconf 86' lang='lat' dir='ltr'><strong>dat,</strong></span> <span class='ocrx_word' id='word_1_412' title='bbox 3408 2504 3501 2557; x_wconf 78' lang='lat' dir='ltr'><strong>ego</strong></span> <span class='ocrx_word' id='word_1_413' title='bbox 3548 2489 3614 2542; x_wconf 87' lang='lat' dir='ltr'><strong>do</strong></span> 
     </span>
    </p>
   </div>
   <div class='ocr_carea' id='block_1_56' title="bbox 2029 2580 3613 2656">
    <p class='ocr_par' dir='ltr' id='par_1_56' title="bbox 2029 2580 3613 2656">
     <span class='ocr_line' id='line_1_56' title="bbox 2029 2580 3613 2656; baseline -0.004 -15"><span class='ocrx_word' id='word_1_414' title='bbox 2029 2588 2169 2641; x_wconf 72' lang='lat' dir='ltr'><strong>vobis</strong></span> <span class='ocrx_word' id='word_1_415' title='bbox 2197 2583 2624 2656; x_wconf 69' lang='lat' dir='ltr'><strong>(Joan.xtv,27).</strong></span> <span class='ocrx_word' id='word_1_416' title='bbox 2656 2582 2877 2649; x_wconf 81' lang='lat' dir='ltr'><strong>Qualem</strong></span> <span class='ocrx_word' id='word_1_417' title='bbox 2907 2582 3050 2636; x_wconf 89' lang='lat' dir='ltr'><strong>enim</strong></span> <span class='ocrx_word' id='word_1_418' title='bbox 3084 2580 3312 2634; x_wconf 89' lang='lat' dir='ltr'><strong>mundus</strong></span> <span class='ocrx_word' id='word_1_419' title='bbox 3336 2580 3466 2635; x_wconf 83' lang='lat' dir='ltr'><strong>dare</strong></span> <span class='ocrx_word' id='word_1_420' title='bbox 3495 2597 3613 2649; x_wconf 57' lang='lat' dir='ltr'><strong>pos.</strong></span> 
     </span>
    </p>
   </div>
   <div class='ocr_carea' id='block_1_57' title="bbox 2028 2676 3613 2749">
    <p class='ocr_par' dir='ltr' id='par_1_57' title="bbox 2028 2676 3613 2749">
     <span class='ocr_line' id='line_1_57' title="bbox 2028 2676 3613 2749; baseline -0.004 -13"><span class='ocrx_word' id='word_1_421' title='bbox 2028 2682 2119 2743; x_wconf 89' lang='lat' dir='ltr'><strong>sit,</strong></span> <span class='ocrx_word' id='word_1_422' title='bbox 2146 2682 2259 2749; x_wconf 89' lang='lat' dir='ltr'><strong>ipse</strong></span> <span class='ocrx_word' id='word_1_423' title='bbox 2284 2694 2384 2734; x_wconf 86' lang='lat' dir='ltr'><strong>nos</strong></span> <span class='ocrx_word' id='word_1_424' title='bbox 2414 2680 2630 2734; x_wconf 86' lang='lat' dir='ltr'><strong>instruit</strong></span> <span class='ocrx_word' id='word_1_425' title='bbox 2656 2693 2751 2746; x_wconf 89' lang='lat' dir='ltr'><strong>per</strong></span> <span class='ocrx_word' id='word_1_426' title='bbox 2773 2679 3084 2747; x_wconf 75' lang='lat' dir='ltr'><strong>prophetam</strong></span> <span class='ocrx_word' id='word_1_427' title='bbox 3106 2676 3195 2746; x_wconf 89' lang='lat' dir='ltr'><strong>qui</strong></span> <span class='ocrx_word' id='word_1_428' title='bbox 3219 2678 3291 2729; x_wconf 89' lang='lat' dir='ltr'><strong>ait</strong></span> <span class='ocrx_word' id='word_1_429' title='bbox 3316 2693 3328 2730; x_wconf 91' lang='lat'>:</span> <span class='ocrx_word' id='word_1_430' title='bbox 3359 2676 3613 2744; x_wconf 76' lang='lat' dir='ltr'><strong>Dicentcs,</strong></span> 
     </span>
    </p>
   </div>
   <div class='ocr_carea' id='block_1_58' title="bbox 2029 2764 3613 2839">
    <p class='ocr_par' dir='ltr' id='par_1_58' title="bbox 2029 2764 3613 2839">
     <span class='ocr_line' id='line_1_58' title="bbox 2029 2764 3613 2839; baseline -0.003 -16"><span class='ocrx_word' id='word_1_431' title='bbox 2029 2786 2151 2839; x_wconf 80' lang='lat' dir='ltr'><strong>pax,</strong></span> <span class='ocrx_word' id='word_1_432' title='bbox 2174 2785 2298 2837; x_wconf 69' lang='lat' dir='ltr'><strong>pax,</strong></span> <span class='ocrx_word' id='word_1_433' title='bbox 2327 2784 2442 2821; x_wconf 88' lang='lat' dir='ltr'><strong>cum</strong></span> <span class='ocrx_word' id='word_1_434' title='bbox 2477 2784 2579 2821; x_wconf 84' lang='lat' dir='ltr'><strong>non</strong></span> <span class='ocrx_word' id='word_1_435' title='bbox 2609 2778 2735 2820; x_wconf 77' lang='lat' dir='ltr'><strong>esset</strong></span> <span class='ocrx_word' id='word_1_436' title='bbox 2765 2782 2865 2833; x_wconf 75' lang='lat' dir='ltr'><strong>pax</strong></span> <span class='ocrx_word' id='word_1_437' title='bbox 2890 2766 3021 2834; x_wconf 85' lang='lat' dir='ltr'><strong>(Jcr.</strong></span> <span class='ocrx_word' id='word_1_438' title='bbox 3056 2782 3130 2830; x_wconf 86' lang='lat' dir='ltr'><strong>vt,</strong></span> <span class='ocrx_word' id='word_1_439' title='bbox 3157 2767 3267 2835; x_wconf 74' lang='grc' dir='ltr'><strong>Μ).</strong></span> <span class='ocrx_word' id='word_1_440' title='bbox 3297 2766 3357 2820; x_wconf 83' lang='grc' dir='ltr'><strong>Ει</strong></span> <span class='ocrx_word' id='word_1_441' title='bbox 3387 2764 3515 2819; x_wconf 86' lang='lat' dir='ltr'><strong>illud</strong></span> <span class='ocrx_word' id='word_1_442' title='bbox 3544 2764 3613 2819; x_wconf 86' lang='lat' dir='ltr'><strong>si-</strong></span> 
     </span>
    </p>
   </div>
   <div class='ocr_carea' id='block_1_59' title="bbox 2030 2857 3611 2928">
    <p class='ocr_par' dir='ltr' id='par_1_59' title="bbox 2030 2857 3611 2928">
     <span class='ocr_line' id='line_1_59' title="bbox 2030 2857 3611 2928; baseline -0.003 -11"><span class='ocrx_word' id='word_1_443' title='bbox 2030 2863 2141 2917; x_wconf 89' lang='lat' dir='ltr'><strong>mili</strong></span> <span class='ocrx_word' id='word_1_444' title='bbox 2184 2864 2390 2916; x_wconf 85' lang='lat' dir='ltr'><strong>ratione</strong></span> <span class='ocrx_word' id='word_1_445' title='bbox 2433 2874 2741 2928; x_wconf 86' lang='lat' dir='ltr'><strong>pensemus,</strong></span> <span class='ocrx_word' id='word_1_446' title='bbox 2771 2859 2893 2927; x_wconf 85' lang='lat' dir='ltr'><strong>quia</strong></span> <span class='ocrx_word' id='word_1_447' title='bbox 2938 2860 2989 2913; x_wconf 91' lang='lat' dir='ltr'><strong>in</strong></span> <span class='ocrx_word' id='word_1_448' title='bbox 3036 2860 3400 2927; x_wconf 87' lang='lat' dir='ltr'><strong>apostolorum</strong></span> <span class='ocrx_word' id='word_1_449' title='bbox 3444 2857 3611 2913; x_wconf 78' lang='lat' dir='ltr'><strong>actio-</strong></span> 
     </span>
    </p>
   </div>
   <div class='ocr_carea' id='block_1_60' title="bbox 2029 2949 3613 3022">
    <p class='ocr_par' dir='ltr' id='par_1_60' title="bbox 2029 2949 3613 3022">
     <span class='ocr_line' id='line_1_60' title="bbox 2029 2949 3613 3022; baseline -0.001 -13"><span class='ocrx_word' id='word_1_450' title='bbox 2029 2954 2189 3009; x_wconf 87' lang='lat' dir='ltr'><strong>nibus</strong></span> <span class='ocrx_word' id='word_1_451' title='bbox 2234 2954 2301 3008; x_wconf 92' lang='lat' dir='ltr'><strong>de</strong></span> <span class='ocrx_word' id='word_1_452' title='bbox 2348 2951 2584 3022; x_wconf 65' lang='lat' dir='ltr'><strong>perfecta</strong></span> <span class='ocrx_word' id='word_1_453' title='bbox 2638 2964 2768 3019; x_wconf 89' lang='lat' dir='ltr'><strong>pace</strong></span> <span class='ocrx_word' id='word_1_454' title='bbox 2816 2950 2893 3004; x_wconf 88' lang='lat' dir='ltr'><strong>sic</strong></span> <span class='ocrx_word' id='word_1_455' title='bbox 2939 2960 3029 3004; x_wconf 87' lang='lat' dir='ltr'><strong>est</strong></span> <span class='ocrx_word' id='word_1_456' title='bbox 3062 2949 3128 3005; x_wconf 82' lang='lat' dir='ltr'><strong>de</strong></span> <span class='ocrx_word' id='word_1_457' title='bbox 3177 2950 3523 3006; x_wconf 88' lang='lat' dir='ltr'><strong>credentibus</strong></span> <span class='ocrx_word' id='word_1_458' title='bbox 3560 2952 3613 3007; x_wconf 90' lang='lat' dir='ltr'><strong>in</strong></span> 
     </span>
    </p>
   </div>
   <div class='ocr_carea' id='block_1_61' title="bbox 2029 3034 3700 3109">
    <p class='ocr_par' dir='ltr' id='par_1_61' title="bbox 2029 3034 3700 3109">
     <span class='ocr_line' id='line_1_61' title="bbox 2029 3034 3700 3109; baseline -0.002 -8"><span class='ocrx_word' id='word_1_459' title='bbox 2029 3046 2257 3101; x_wconf 87' lang='lat' dir='ltr'><strong>Domino</strong></span> <span class='ocrx_word' id='word_1_460' title='bbox 2291 3044 2643 3105; x_wconf 84' lang='lat' dir='ltr'><strong>declaratum,</strong></span> <span class='ocrx_word' id='word_1_461' title='bbox 2675 3041 2814 3109; x_wconf 86' lang='lat' dir='ltr'><strong>quod</strong></span> <span class='ocrx_word' id='word_1_462' title='bbox 2844 3050 2963 3094; x_wconf 85' lang='lat' dir='ltr'><strong>erat</strong></span> <span class='ocrx_word' id='word_1_463' title='bbox 3008 3042 3059 3095; x_wconf 89' lang='lat' dir='ltr'><strong>in</strong></span> <span class='ocrx_word' id='word_1_464' title='bbox 3106 3042 3212 3095; x_wconf 88' lang='lat' dir='ltr'><strong>illis</strong></span> <span class='ocrx_word' id='word_1_465' title='bbox 3245 3057 3341 3097; x_wconf 90' lang='lat' dir='ltr'><strong>cor</strong></span> <span class='ocrx_word' id='word_1_466' title='bbox 3369 3058 3534 3097; x_wconf 90' lang='lat' dir='ltr'><strong>unum</strong></span> <span class='ocrx_word' id='word_1_467' title='bbox 3563 3051 3610 3098; x_wconf 88' lang='lat' dir='ltr'><strong>el</strong></span> <span class='ocrx_word' id='word_1_468' title='bbox 3686 3034 3700 3048; x_wconf 85' lang='grc'><strong>’</strong></span> 
     </span>
    </p>
   </div>
   <div class='ocr_carea' id='block_1_62' title="bbox 326 3132 3609 3205">
    <p class='ocr_par' dir='ltr' id='par_1_62' title="bbox 326 3132 3609 3205">
     <span class='ocr_line' id='line_1_62' title="bbox 326 3132 3609 3205; baseline 0 -18"><span class='ocrx_word' id='word_1_469' title='bbox 326 3133 455 3188; x_wconf 84' lang='lat' dir='ltr'><strong>site</strong></span> <span class='ocrx_word' id='word_1_470' title='bbox 483 3133 1008 3203; x_wconf 85' lang='lat' dir='ltr'><strong>Constantinopolim</strong></span> <span class='ocrx_word' id='word_1_471' title='bbox 1046 3136 1373 3205; x_wconf 80' lang='lat' dir='ltr'><strong>congregati,</strong></span> <span class='ocrx_word' id='word_1_472' title='bbox 1421 3145 1478 3188; x_wconf 90' lang='lat' dir='ltr'><strong>ut</strong></span> <span class='ocrx_word' id='word_1_473' title='bbox 1519 3136 1639 3191; x_wconf 89' lang='lat' dir='ltr'><strong>illos</strong></span> <span class='ocrx_word' id='word_1_474' title='bbox 1677 3136 1916 3190; x_wconf 89' lang='lat' dir='ltr'><strong>omittam</strong></span> <span class='ocrx_word' id='word_1_475' title='bbox 1952 3141 1995 3199; x_wconf 86' lang='lat' dir='ltr'>C</span> <span class='ocrx_word' id='word_1_476' title='bbox 2027 3140 2202 3191; x_wconf 82' lang='lat' dir='ltr'><strong>anima</strong></span> <span class='ocrx_word' id='word_1_477' title='bbox 2234 3151 2333 3190; x_wconf 87' lang='lat' dir='ltr'><strong>una</strong></span> <span class='ocrx_word' id='word_1_478' title='bbox 2359 3137 2494 3205; x_wconf 82' lang='lat' dir='ltr'><strong>(Act.</strong></span> <span class='ocrx_word' id='word_1_479' title='bbox 2528 3150 2598 3198; x_wconf 83' lang='lat' dir='ltr'><strong>tv,</strong></span> <span class='ocrx_word' id='word_1_480' title='bbox 2628 3132 2742 3199; x_wconf 69' lang='lat'><strong>52).</strong></span> <span class='ocrx_word' id='word_1_481' title='bbox 2775 3132 2933 3185; x_wconf 79' lang='lat' dir='ltr'><strong>Multa</strong></span> <span class='ocrx_word' id='word_1_482' title='bbox 2960 3147 3086 3200; x_wconf 81' lang='lat' dir='ltr'><strong>ergo</strong></span> <span class='ocrx_word' id='word_1_483' title='bbox 3115 3143 3237 3186; x_wconf 85' lang='lat' dir='ltr'><strong>sunt</strong></span> <span class='ocrx_word' id='word_1_484' title='bbox 3267 3150 3385 3203; x_wconf 73' lang='lat' dir='ltr'><strong>qua:</strong></span> <span class='ocrx_word' id='word_1_485' title='bbox 3414 3135 3480 3189; x_wconf 86' lang='lat' dir='ltr'><strong>de</strong></span> <span class='ocrx_word' id='word_1_486' title='bbox 3509 3143 3609 3190; x_wconf 89' lang='lat' dir='ltr'><strong>ter-</strong></span> 
     </span>
    </p>
   </div>
   <div class='ocr_carea' id='block_1_63' title="bbox 324 3224 1921 3295">
    <p class='ocr_par' dir='ltr' id='par_1_63' title="bbox 324 3224 1921 3295">
     <span class='ocr_line' id='line_1_63' title="bbox 324 3224 1921 3295; baseline 0.005 -21"><span class='ocrx_word' id='word_1_487' title='bbox 324 3224 417 3292; x_wconf 84' lang='lat' dir='ltr'><strong>qui</strong></span> <span class='ocrx_word' id='word_1_488' title='bbox 446 3233 572 3280; x_wconf 91' lang='lat' dir='ltr'><strong>ante</strong></span> <span class='ocrx_word' id='word_1_489' title='bbox 602 3225 1056 3293; x_wconf 89' lang='lat' dir='ltr'><strong>subscripserant,</strong></span> <span class='ocrx_word' id='word_1_490' title='bbox 1090 3228 1482 3283; x_wconf 88' lang='lat' dir='ltr'><strong>condemnasse</strong></span> <span class='ocrx_word' id='word_1_491' title='bbox 1510 3242 1631 3283; x_wconf 91' lang='lat' dir='ltr'><strong>eum</strong></span> <span class='ocrx_word' id='word_1_492' title='bbox 1657 3228 1921 3295; x_wconf 84' lang='lat' dir='ltr'><strong>approba-</strong></span> 
     </span>
    </p>
   </div>
   <div class='ocr_carea' id='block_1_64' title="bbox 324 3315 1920 3387">
    <p class='ocr_par' dir='ltr' id='par_1_64' title="bbox 324 3315 1920 3387">
     <span class='ocr_line' id='line_1_64' title="bbox 324 3315 1920 3387; baseline 0.003 -20"><span class='ocrx_word' id='word_1_493' title='bbox 324 3315 535 3369; x_wconf 86' lang='lat' dir='ltr'><strong>toribus</strong></span> <span class='ocrx_word' id='word_1_494' title='bbox 570 3316 683 3371; x_wconf 89' lang='lat' dir='ltr'><strong>suis</strong></span> <span class='ocrx_word' id='word_1_495' title='bbox 727 3316 1012 3386; x_wconf 90' lang='lat' dir='ltr'><strong>epistolam</strong></span> <span class='ocrx_word' id='word_1_496' title='bbox 1043 3333 1073 3371; x_wconf 90' lang='lat' dir='ltr'><strong>a</strong></span> <span class='ocrx_word' id='word_1_497' title='bbox 1103 3317 1528 3373; x_wconf 86' lang='lat' dir='ltr'><strong>Cbaleedonensi</strong></span> <span class='ocrx_word' id='word_1_498' title='bbox 1570 3321 1797 3375; x_wconf 90' lang='lat' dir='ltr'><strong>concilio</strong></span> <span class='ocrx_word' id='word_1_499' title='bbox 1826 3335 1920 3387; x_wconf 83' lang='lat' dir='ltr'><strong>ap-</strong></span> 
     </span>
    </p>
   </div>
   <div class='ocr_carea' id='block_1_65' title="bbox 328 3407 1918 3481">
    <p class='ocr_par' dir='ltr' id='par_1_65' title="bbox 328 3407 1918 3481">
     <span class='ocr_line' id='line_1_65' title="bbox 328 3407 1918 3481; baseline 0.005 -22"><span class='ocrx_word' id='word_1_500' title='bbox 328 3407 643 3475; x_wconf 82' lang='lat' dir='ltr'><strong>probatam?</strong></span> <span class='ocrx_word' id='word_1_501' title='bbox 665 3417 720 3464; x_wconf 92' lang='lat' dir='ltr'><strong>et</strong></span> <span class='ocrx_word' id='word_1_502' title='bbox 741 3410 891 3463; x_wconf 89' lang='lat' dir='ltr'><strong>illum</strong></span> <span class='ocrx_word' id='word_1_503' title='bbox 920 3410 1255 3481; x_wconf 80' lang='lat' dir='ltr'><strong>episcopum,</strong></span> <span class='ocrx_word' id='word_1_504' title='bbox 1278 3411 1432 3480; x_wconf 86' lang='lat' dir='ltr'><strong>cujus</strong></span> <span class='ocrx_word' id='word_1_505' title='bbox 1452 3413 1711 3466; x_wconf 80' lang='lat' dir='ltr'><strong>doctrinae</strong></span> <span class='ocrx_word' id='word_1_506' title='bbox 1733 3414 1918 3468; x_wconf 87' lang='lat' dir='ltr'><strong>laudes</strong></span> 
     </span>
    </p>
   </div>
   <div class='ocr_carea' id='block_1_66' title="bbox 324 3501 1919 3558">
    <p class='ocr_par' dir='ltr' id='par_1_66' title="bbox 324 3501 1919 3558">
     <span class='ocr_line' id='line_1_66' title="bbox 324 3501 1919 3558; baseline 0.004 -6"><span class='ocrx_word' id='word_1_507' title='bbox 324 3502 379 3553; x_wconf 90' lang='lat' dir='ltr'><strong>in</strong></span> <span class='ocrx_word' id='word_1_508' title='bbox 427 3510 727 3556; x_wconf 88' lang='lat' dir='ltr'><strong>memorato</strong></span> <span class='ocrx_word' id='word_1_509' title='bbox 773 3501 1199 3557; x_wconf 88' lang='lat' dir='ltr'><strong>Chalcedonensi</strong></span> <span class='ocrx_word' id='word_1_510' title='bbox 1242 3504 1473 3557; x_wconf 90' lang='lat' dir='ltr'><strong>concilio</strong></span> <span class='ocrx_word' id='word_1_511' title='bbox 1519 3504 1757 3558; x_wconf 80' lang='lat' dir='ltr'><strong>recitatae</strong></span> <span class='ocrx_word' id='word_1_512' title='bbox 1794 3513 1919 3558; x_wconf 87' lang='lat' dir='ltr'><strong>sunt</strong></span> 
     </span>
    </p>
   </div>
   <div class='ocr_carea' id='block_1_67' title="bbox 322 3590 1915 3663">
    <p class='ocr_par' dir='ltr' id='par_1_67' title="bbox 322 3590 1915 3663">
     <span class='ocr_line' id='line_1_67' title="bbox 322 3590 1915 3663; baseline 0.004 -20"><span class='ocrx_word' id='word_1_513' title='bbox 322 3590 541 3645; x_wconf 79' lang='lat' dir='ltr'><strong>nemine</strong></span> <span class='ocrx_word' id='word_1_514' title='bbox 566 3593 873 3661; x_wconf 82' lang='lat' dir='ltr'><strong>resistente,</strong></span> <span class='ocrx_word' id='word_1_515' title='bbox 900 3606 1018 3646; x_wconf 90' lang='lat' dir='ltr'><strong>cum</strong></span> <span class='ocrx_word' id='word_1_516' title='bbox 1049 3592 1163 3648; x_wconf 90' lang='lat' dir='ltr'><strong>suis</strong></span> <span class='ocrx_word' id='word_1_517' title='bbox 1193 3594 1532 3663; x_wconf 82' lang='lat' dir='ltr'><strong>dogmatibus</strong></span> <span class='ocrx_word' id='word_1_518' title='bbox 1553 3592 1915 3649; x_wconf 86' lang='lat' dir='ltr'><strong>anathemati-</strong></span> 
     </span>
    </p>
   </div>
   <div class='ocr_carea' id='block_1_68' title="bbox 321 3684 1914 3752">
    <p class='ocr_par' dir='ltr' id='par_1_68' title="bbox 321 3684 1914 3752">
     <span class='ocr_line' id='line_1_68' title="bbox 321 3684 1914 3752; baseline 0.003 -19"><span class='ocrx_word' id='word_1_519' title='bbox 321 3695 478 3735; x_wconf 72' lang='lat' dir='ltr'><strong>zasse</strong></span> <span class='ocrx_word' id='word_1_520' title='bbox 524 3690 643 3749; x_wconf 90' lang='lat' dir='ltr'><strong>post</strong></span> <span class='ocrx_word' id='word_1_521' title='bbox 682 3692 932 3750; x_wconf 79' lang='lat' dir='ltr'><strong>mortem,</strong></span> <span class='ocrx_word' id='word_1_522' title='bbox 967 3684 1260 3740; x_wconf 90' lang='lat' dir='ltr'><strong>scientibus</strong></span> <span class='ocrx_word' id='word_1_523' title='bbox 1294 3686 1530 3752; x_wconf 77' lang='lat' dir='ltr'><strong>cazteris,</strong></span> <span class='ocrx_word' id='word_1_524' title='bbox 1560 3695 1616 3741; x_wconf 87' lang='lat' dir='ltr'><strong>et</strong></span> <span class='ocrx_word' id='word_1_525' title='bbox 1645 3686 1697 3740; x_wconf 89' lang='lat' dir='ltr'><strong>in</strong></span> <span class='ocrx_word' id='word_1_526' title='bbox 1731 3700 1914 3739; x_wconf 89' lang='lat' dir='ltr'><strong>eorum</strong></span> 
     </span>
    </p>
   </div>
   <div class='ocr_carea' id='block_1_69' title="bbox 318 3773 1961 3846">
    <p class='ocr_par' dir='ltr' id='par_1_69' title="bbox 318 3773 1961 3846">
     <span class='ocr_line' id='line_1_69' title="bbox 318 3773 1961 3846; baseline 0.004 -22"><span class='ocrx_word' id='word_1_527' title='bbox 318 3774 702 3827; x_wconf 89' lang='lat' dir='ltr'><strong>communione</strong></span> <span class='ocrx_word' id='word_1_528' title='bbox 744 3773 1118 3829; x_wconf 86' lang='lat' dir='ltr'><strong>manentibus?</strong></span> <span class='ocrx_word' id='word_1_529' title='bbox 1152 3775 1233 3830; x_wconf 87' lang='lat' dir='ltr'><strong>0b</strong></span> <span class='ocrx_word' id='word_1_530' title='bbox 1264 3776 1364 3829; x_wconf 90' lang='lat' dir='ltr'><strong>hoc</strong></span> <span class='ocrx_word' id='word_1_531' title='bbox 1393 3789 1523 3846; x_wconf 80' lang='lat' dir='ltr'><strong>ergo</strong></span> <span class='ocrx_word' id='word_1_532' title='bbox 1549 3776 1912 3830; x_wconf 88' lang='lat' dir='ltr'><strong>necessarium</strong></span> <span class='ocrx_word' id='word_1_533' title='bbox 1958 3796 1961 3799; x_wconf 45' lang='lat'><em>‘</em></span> 
     </span>
    </p>
   </div>
   <div class='ocr_carea' id='block_1_70' title="bbox 322 3862 1914 3923">
    <p class='ocr_par' dir='ltr' id='par_1_70' title="bbox 322 3862 1914 3923">
     <span class='ocr_line' id='line_1_70' title="bbox 322 3862 1914 3923; baseline 0.004 -8"><span class='ocrx_word' id='word_1_534' title='bbox 322 3862 419 3916; x_wconf 86' lang='lat' dir='ltr'><strong>fuit</strong></span> <span class='ocrx_word' id='word_1_535' title='bbox 450 3880 554 3918; x_wconf 89' lang='lat' dir='ltr'><strong>non</strong></span> <span class='ocrx_word' id='word_1_536' title='bbox 586 3865 746 3919; x_wconf 88' lang='lat' dir='ltr'><strong>modo</strong></span> <span class='ocrx_word' id='word_1_537' title='bbox 785 3864 852 3918; x_wconf 91' lang='lat' dir='ltr'><strong>ab</strong></span> <span class='ocrx_word' id='word_1_538' title='bbox 885 3880 1073 3920; x_wconf 90' lang='lat' dir='ltr'><strong>eorum</strong></span> <span class='ocrx_word' id='word_1_539' title='bbox 1127 3880 1227 3923; x_wconf 89' lang='lat' dir='ltr'><strong>nos</strong></span> <span class='ocrx_word' id='word_1_540' title='bbox 1273 3868 1652 3922; x_wconf 90' lang='lat' dir='ltr'><strong>communione</strong></span> <span class='ocrx_word' id='word_1_541' title='bbox 1696 3866 1914 3921; x_wconf 88' lang='lat' dir='ltr'><strong>subtra-</strong></span> 
     </span>
    </p>
   </div>
   <div class='ocr_carea' id='block_1_71' title="bbox 319 3955 1912 4027">
    <p class='ocr_par' dir='ltr' id='par_1_71' title="bbox 319 3955 1912 4027">
     <span class='ocr_line' id='line_1_71' title="bbox 319 3955 1912 4027; baseline 0.001 -19"><span class='ocrx_word' id='word_1_542' title='bbox 319 3955 473 4018; x_wconf 79' lang='lat' dir='ltr'><strong>here,</strong></span> <span class='ocrx_word' id='word_1_543' title='bbox 525 3971 709 4010; x_wconf 88' lang='lat' dir='ltr'><strong>verum</strong></span> <span class='ocrx_word' id='word_1_544' title='bbox 758 3957 946 4023; x_wconf 89' lang='lat' dir='ltr'><strong>etiam,</strong></span> <span class='ocrx_word' id='word_1_545' title='bbox 998 3957 1117 4027; x_wconf 87' lang='lat' dir='ltr'><strong>quia</strong></span> <span class='ocrx_word' id='word_1_546' title='bbox 1177 3958 1440 4027; x_wconf 88' lang='lat' dir='ltr'><strong>p0tiorem</strong></span> <span class='ocrx_word' id='word_1_547' title='bbox 1489 3958 1810 4013; x_wconf 86' lang='lat' dir='ltr'><strong>videbantur</strong></span> <span class='ocrx_word' id='word_1_548' title='bbox 1858 3957 1912 4010; x_wconf 90' lang='lat' dir='ltr'><strong>in</strong></span> 
     </span>
    </p>
   </div>
   <div class='ocr_carea' id='block_1_72' title="bbox 318 4046 1913 4118">
    <p class='ocr_par' dir='ltr' id='par_1_72' title="bbox 318 4046 1913 4118">
     <span class='ocr_line' id='line_1_72' title="bbox 318 4046 1913 4118; baseline 0.001 -17"><span class='ocrx_word' id='word_1_549' title='bbox 318 4046 561 4101; x_wconf 84' lang='lat' dir='ltr'><strong>Ecclesia</strong></span> <span class='ocrx_word' id='word_1_550' title='bbox 588 4056 773 4103; x_wconf 87' lang='lat' dir='ltr'><strong>tenere</strong></span> <span class='ocrx_word' id='word_1_551' title='bbox 807 4048 1008 4115; x_wconf 88' lang='lat' dir='ltr'><strong>locum,</strong></span> <span class='ocrx_word' id='word_1_552' title='bbox 1032 4048 1123 4117; x_wconf 90' lang='lat' dir='ltr'><strong>qui</strong></span> <span class='ocrx_word' id='word_1_553' title='bbox 1150 4049 1309 4117; x_wconf 88' lang='lat' dir='ltr'><strong>primi</strong></span> <span class='ocrx_word' id='word_1_554' title='bbox 1338 4048 1462 4103; x_wconf 90' lang='lat' dir='ltr'><strong>huic</strong></span> <span class='ocrx_word' id='word_1_555' title='bbox 1488 4048 1913 4118; x_wconf 67' lang='lat' dir='ltr'><strong>prmjudicioim-</strong></span> 
     </span>
    </p>
   </div>
   <div class='ocr_carea' id='block_1_73' title="bbox 320 4136 1911 4209">
    <p class='ocr_par' dir='ltr' id='par_1_73' title="bbox 320 4136 1911 4209">
     <span class='ocr_line' id='line_1_73' title="bbox 320 4136 1911 4209; baseline 0.002 -18"><span class='ocrx_word' id='word_1_556' title='bbox 320 4146 567 4203; x_wconf 85' lang='lat' dir='ltr'><strong>peratore</strong></span> <span class='ocrx_word' id='word_1_557' title='bbox 607 4136 833 4206; x_wconf 75' lang='lat' dir='ltr'><strong>iubente</strong></span> <span class='ocrx_word' id='word_1_558' title='bbox 874 4148 1176 4207; x_wconf 86' lang='lat' dir='ltr'><strong>cesserunt,</strong></span> <span class='ocrx_word' id='word_1_559' title='bbox 1220 4154 1289 4193; x_wconf 90' lang='lat' dir='ltr'><strong>ne</strong></span> <span class='ocrx_word' id='word_1_560' title='bbox 1329 4140 1570 4207; x_wconf 89' lang='lat' dir='ltr'><strong>ipsorum</strong></span> <span class='ocrx_word' id='word_1_561' title='bbox 1622 4140 1791 4209; x_wconf 83' lang='lat' dir='ltr'><strong>magis</strong></span> <span class='ocrx_word' id='word_1_562' title='bbox 1830 4150 1911 4195; x_wconf 82' lang='lat' dir='ltr'><strong>te-</strong></span> 
     </span>
    </p>
   </div>
   <div class='ocr_carea' id='block_1_74' title="bbox 319 4230 1908 4304">
    <p class='ocr_par' dir='ltr' id='par_1_74' title="bbox 319 4230 1908 4304">
     <span class='ocr_line' id='line_1_74' title="bbox 319 4230 1908 4304; baseline 0.004 -22"><span class='ocrx_word' id='word_1_563' title='bbox 319 4230 493 4283; x_wconf 86' lang='lat' dir='ltr'><strong>nenda</strong></span> <span class='ocrx_word' id='word_1_564' title='bbox 525 4234 789 4286; x_wconf 87' lang='lat' dir='ltr'><strong>sententia</strong></span> <span class='ocrx_word' id='word_1_565' title='bbox 816 4232 1109 4298; x_wconf 89' lang='lat' dir='ltr'><strong>videretur,</strong></span> <span class='ocrx_word' id='word_1_566' title='bbox 1141 4248 1589 4299; x_wconf 82' lang='lat' dir='ltr'><strong>commemorare,</strong></span> <span class='ocrx_word' id='word_1_567' title='bbox 1613 4235 1754 4304; x_wconf 90' lang='lat' dir='ltr'><strong>quod</strong></span> <span class='ocrx_word' id='word_1_568' title='bbox 1781 4234 1908 4289; x_wconf 86' lang='lat' dir='ltr'><strong>alibi</strong></span> 
     </span>
    </p>
   </div>
   <div class='ocr_carea' id='block_1_75' title="bbox 318 4320 1906 4393">
    <p class='ocr_par' dir='ltr' id='par_1_75' title="bbox 318 4320 1906 4393">
     <span class='ocr_line' id='line_1_75' title="bbox 318 4320 1906 4393; baseline 0.004 -20"><span class='ocrx_word' id='word_1_569' title='bbox 318 4320 563 4385; x_wconf 83' lang='lat' dir='ltr'><strong>fecimus,</strong></span> <span class='ocrx_word' id='word_1_570' title='bbox 597 4324 864 4390; x_wconf 86' lang='lat' dir='ltr'><strong>quomodo</strong></span> <span class='ocrx_word' id='word_1_571' title='bbox 895 4325 1009 4378; x_wconf 86' lang='lat' dir='ltr'><strong>sive</strong></span> <span class='ocrx_word' id='word_1_572' title='bbox 1048 4323 1231 4379; x_wconf 80' lang='lat' dir='ltr'><strong>Menas</strong></span> <span class='ocrx_word' id='word_1_573' title='bbox 1259 4322 1906 4393; x_wconf 85' lang='lat' dir='ltr'><strong>Constantinopolitanus,</strong></span> 
     </span>
    </p>
   </div>
   <div class='ocr_carea' id='block_1_76' title="bbox 316 4410 1909 4485">
    <p class='ocr_par' dir='ltr' id='par_1_76' title="bbox 316 4410 1909 4485">
     <span class='ocr_line' id='line_1_76' title="bbox 316 4410 1909 4485; baseline 0.004 -21"><span class='ocrx_word' id='word_1_574' title='bbox 316 4410 434 4465; x_wconf 86' lang='lat' dir='ltr'><strong>sive</strong></span> <span class='ocrx_word' id='word_1_575' title='bbox 462 4410 647 4466; x_wconf 87' lang='lat' dir='ltr'><strong>Zoilus</strong></span> <span class='ocrx_word' id='word_1_576' title='bbox 686 4414 1103 4478; x_wconf 76' lang='lat' dir='ltr'><strong>Alexandrinus,</strong></span> <span class='ocrx_word' id='word_1_577' title='bbox 1136 4414 1252 4470; x_wconf 86' lang='lat' dir='ltr'><strong>sive</strong></span> <span class='ocrx_word' id='word_1_578' title='bbox 1292 4415 1661 4469; x_wconf 82' lang='lat' dir='ltr'><strong>Autiochenus</strong></span> <span class='ocrx_word' id='word_1_579' title='bbox 1704 4416 1909 4485; x_wconf 80' lang='lat' dir='ltr'><strong>Ephre-</strong></span> 
     </span>
    </p>
   </div>
   <div class='ocr_carea' id='block_1_77' title="bbox 2024 3225 3610 3296">
    <p class='ocr_par' dir='ltr' id='par_1_77' title="bbox 2024 3225 3610 3296">
     <span class='ocr_line' id='line_1_77' title="bbox 2024 3225 3610 3296; baseline -0.003 -11"><span class='ocrx_word' id='word_1_580' title='bbox 2024 3246 2153 3286; x_wconf 84' lang='lat' dir='ltr'><strong>rena</strong></span> <span class='ocrx_word' id='word_1_581' title='bbox 2182 3240 2236 3283; x_wconf 92' lang='lat' dir='ltr'><strong>et</strong></span> <span class='ocrx_word' id='word_1_582' title='bbox 2263 3228 2471 3283; x_wconf 75' lang='lat' dir='ltr'><strong>etelesti</strong></span> <span class='ocrx_word' id='word_1_583' title='bbox 2504 3242 2631 3296; x_wconf 88' lang='lat' dir='ltr'><strong>pace</strong></span> <span class='ocrx_word' id='word_1_584' title='bbox 2657 3225 3008 3279; x_wconf 81' lang='lat' dir='ltr'><strong>discernenda</strong></span> <span class='ocrx_word' id='word_1_585' title='bbox 3043 3225 3369 3279; x_wconf 79' lang='lat' dir='ltr'><strong>inveniamus</strong></span> <span class='ocrx_word' id='word_1_586' title='bbox 3394 3229 3610 3295; x_wconf 87' lang='lat' dir='ltr'><strong>scripta.</strong></span> 
     </span>
    </p>
   </div>
   <div class='ocr_carea' id='block_1_78' title="bbox 2024 3320 3611 3391">
    <p class='ocr_par' dir='ltr' id='par_1_78' title="bbox 2024 3320 3611 3391">
     <span class='ocr_line' id='line_1_78' title="bbox 2024 3320 3611 3391; baseline -0.001 -17"><span class='ocrx_word' id='word_1_587' title='bbox 2024 3323 2152 3390; x_wconf 69' lang='lat' dir='ltr'><strong>Quae</strong></span> <span class='ocrx_word' id='word_1_588' title='bbox 2182 3323 2301 3388; x_wconf 84' lang='lat' dir='ltr'><strong>quia</strong></span> <span class='ocrx_word' id='word_1_589' title='bbox 2335 3337 2430 3375; x_wconf 82' lang='lat' dir='ltr'><strong>vos</strong></span> <span class='ocrx_word' id='word_1_590' title='bbox 2462 3336 2566 3375; x_wconf 88' lang='lat' dir='ltr'><strong>non</strong></span> <span class='ocrx_word' id='word_1_591' title='bbox 2612 3322 2881 3377; x_wconf 85' lang='lat' dir='ltr'><strong>credimus</strong></span> <span class='ocrx_word' id='word_1_592' title='bbox 2932 3322 3201 3391; x_wconf 82' lang='lat' dir='ltr'><strong>ignorare,</strong></span> <span class='ocrx_word' id='word_1_593' title='bbox 3248 3320 3479 3374; x_wconf 82' lang='lat' dir='ltr'><strong>sufﬁciat</strong></span> <span class='ocrx_word' id='word_1_594' title='bbox 3507 3333 3611 3375; x_wconf 63' lang='lat' dir='ltr'><strong>esu</strong></span> 
     </span>
    </p>
   </div>
   <div class='ocr_carea' id='block_1_79' title="bbox 2022 3410 3610 3482">
    <p class='ocr_par' dir='ltr' id='par_1_79' title="bbox 2022 3410 3610 3482">
     <span class='ocr_line' id='line_1_79' title="bbox 2022 3410 3610 3482; baseline -0.003 -14"><span class='ocrx_word' id='word_1_595' title='bbox 2022 3414 2287 3482; x_wconf 62' lang='lat' dir='ltr'><strong>carpsisse</strong></span> <span class='ocrx_word' id='word_1_596' title='bbox 2330 3427 2496 3481; x_wconf 87' lang='lat' dir='ltr'><strong>pauca</strong></span> <span class='ocrx_word' id='word_1_597' title='bbox 2543 3412 2612 3467; x_wconf 90' lang='lat' dir='ltr'><strong>de</strong></span> <span class='ocrx_word' id='word_1_598' title='bbox 2651 3412 2923 3481; x_wconf 85' lang='lat' dir='ltr'><strong>plurimis,</strong></span> <span class='ocrx_word' id='word_1_599' title='bbox 2951 3420 3011 3467; x_wconf 90' lang='lat' dir='ltr'><strong>ut</strong></span> <span class='ocrx_word' id='word_1_600' title='bbox 3042 3411 3208 3482; x_wconf 83' lang='lat' dir='ltr'><strong>magis</strong></span> <span class='ocrx_word' id='word_1_601' title='bbox 3239 3420 3342 3466; x_wconf 77' lang='lat' dir='ltr'><strong>tute</strong></span> <span class='ocrx_word' id='word_1_602' title='bbox 3372 3410 3610 3465; x_wconf 89' lang='lat' dir='ltr'><strong>fraterni-</strong></span> 
     </span>
    </p>
   </div>
   <div class='ocr_carea' id='block_1_80' title="bbox 2024 3500 3611 3572">
    <p class='ocr_par' dir='ltr' id='par_1_80' title="bbox 2024 3500 3611 3572">
     <span class='ocr_line' id='line_1_80' title="bbox 2024 3500 3611 3572; baseline -0.004 -14"><span class='ocrx_word' id='word_1_603' title='bbox 2024 3506 2147 3558; x_wconf 82' lang='lat' dir='ltr'><strong>tatis</strong></span> <span class='ocrx_word' id='word_1_604' title='bbox 2194 3503 2365 3568; x_wconf 70' lang='lat' dir='ltr'><strong>po&lt;sit</strong></span> <span class='ocrx_word' id='word_1_605' title='bbox 2407 3502 2677 3558; x_wconf 58' lang='lat' dir='ltr'><strong>aestimare</strong></span> <span class='ocrx_word' id='word_1_606' title='bbox 2736 3502 2995 3572; x_wconf 89' lang='lat' dir='ltr'><strong>judicium</strong></span> <span class='ocrx_word' id='word_1_607' title='bbox 3045 3517 3165 3571; x_wconf 78' lang='lat' dir='ltr'><strong>qua:</strong></span> <span class='ocrx_word' id='word_1_608' title='bbox 3214 3516 3314 3570; x_wconf 77' lang='lat' dir='ltr'><strong>pas</strong></span> <span class='ocrx_word' id='word_1_609' title='bbox 3368 3500 3542 3570; x_wconf 89' lang='lat' dir='ltr'><strong>potius</strong></span> <span class='ocrx_word' id='word_1_610' title='bbox 3583 3513 3611 3552; x_wconf 86' lang='lat' dir='ltr'><strong>a</strong></span> 
     </span>
    </p>
   </div>
   <div class='ocr_carea' id='block_1_81' title="bbox 2020 3591 3611 3660">
    <p class='ocr_par' dir='ltr' id='par_1_81' title="bbox 2020 3591 3611 3660">
     <span class='ocr_line' id='line_1_81' title="bbox 2020 3591 3611 3660; baseline -0.003 -13"><span class='ocrx_word' id='word_1_611' title='bbox 2020 3592 2395 3647; x_wconf 82' lang='lat' dir='ltr'><strong>sacerdotibus</strong></span> <span class='ocrx_word' id='word_1_612' title='bbox 2423 3594 2492 3646; x_wconf 90' lang='lat' dir='ltr'><strong>sit</strong></span> <span class='ocrx_word' id='word_1_613' title='bbox 2525 3591 2777 3647; x_wconf 84' lang='lat' dir='ltr'><strong>tenenda.</strong></span> <span class='ocrx_word' id='word_1_614' title='bbox 2814 3610 2833 3643; x_wconf 76' lang='grc' dir='ltr'><strong><em>ι</em></strong></span> <span class='ocrx_word' id='word_1_615' title='bbox 2866 3593 3053 3647; x_wconf 85' lang='lat' dir='ltr'><strong>Nonne</strong></span> <span class='ocrx_word' id='word_1_616' title='bbox 3081 3593 3420 3660; x_wconf 84' lang='lat' dir='ltr'><strong>perspicuum</strong></span> <span class='ocrx_word' id='word_1_617' title='bbox 3450 3600 3535 3647; x_wconf 89' lang='lat' dir='ltr'><strong>est</strong></span> <span class='ocrx_word' id='word_1_618' title='bbox 3560 3601 3611 3647; x_wconf 88' lang='lat' dir='ltr'><strong>ct</strong></span> 
     </span>
    </p>
   </div>
   <div class='ocr_carea' id='block_1_82' title="bbox 2020 3684 3610 3753">
    <p class='ocr_par' dir='ltr' id='par_1_82' title="bbox 2020 3684 3610 3753">
     <span class='ocr_line' id='line_1_82' title="bbox 2020 3684 3610 3753; baseline 0.001 -15"><span class='ocrx_word' id='word_1_619' title='bbox 2020 3684 2299 3739; x_wconf 84' lang='lat' dir='ltr'><strong>evidenter</strong></span> <span class='ocrx_word' id='word_1_620' title='bbox 2323 3693 2545 3752; x_wconf 84' lang='lat' dir='ltr'><strong>apparet</strong></span> <span class='ocrx_word' id='word_1_621' title='bbox 2576 3700 2640 3738; x_wconf 73' lang='lat' dir='ltr'><strong>ex</strong></span> <span class='ocrx_word' id='word_1_622' title='bbox 2670 3684 2754 3737; x_wconf 88' lang='lat' dir='ltr'><strong>his</strong></span> <span class='ocrx_word' id='word_1_623' title='bbox 2783 3699 2902 3753; x_wconf 70' lang='lat' dir='ltr'><strong>qua:</strong></span> <span class='ocrx_word' id='word_1_624' title='bbox 2930 3684 3365 3749; x_wconf 87' lang='lat' dir='ltr'><strong>memoravimus,</strong></span> <span class='ocrx_word' id='word_1_625' title='bbox 3391 3685 3529 3753; x_wconf 85' lang='lat' dir='ltr'><strong>quod</strong></span> <span class='ocrx_word' id='word_1_626' title='bbox 3560 3691 3610 3739; x_wconf 83' lang='lat' dir='ltr'><strong>et</strong></span> 
     </span>
    </p>
   </div>
   <div class='ocr_carea' id='block_1_83' title="bbox 2021 3773 3616 3843">
    <p class='ocr_par' dir='ltr' id='par_1_83' title="bbox 2021 3773 3616 3843">
     <span class='ocr_line' id='line_1_83' title="bbox 2021 3773 3616 3843; baseline 0.003 -16"><span class='ocrx_word' id='word_1_627' title='bbox 2021 3774 2121 3843; x_wconf 87' lang='lat' dir='ltr'><strong>ipsi</strong></span> <span class='ocrx_word' id='word_1_628' title='bbox 2143 3775 2398 3828; x_wconf 67' lang='lat' dir='ltr'><strong>contrani</strong></span> <span class='ocrx_word' id='word_1_629' title='bbox 2423 3773 2509 3842; x_wconf 86' lang='lat' dir='ltr'><strong>qui</strong></span> <span class='ocrx_word' id='word_1_630' title='bbox 2539 3789 2566 3826; x_wconf 89' lang='lat' dir='ltr'><strong>a</strong></span> <span class='ocrx_word' id='word_1_631' title='bbox 2600 3773 2753 3828; x_wconf 88' lang='lat' dir='ltr'><strong>nobis</strong></span> <span class='ocrx_word' id='word_1_632' title='bbox 2780 3774 2833 3828; x_wconf 91' lang='lat' dir='ltr'><strong>in</strong></span> <span class='ocrx_word' id='word_1_633' title='bbox 2865 3774 3044 3827; x_wconf 89' lang='lat' dir='ltr'><strong>multis</strong></span> <span class='ocrx_word' id='word_1_634' title='bbox 3067 3774 3410 3840; x_wconf 89' lang='lat' dir='ltr'><strong>dissentiunt,</strong></span> <span class='ocrx_word' id='word_1_635' title='bbox 3434 3776 3487 3830; x_wconf 87' lang='lat' dir='ltr'><strong>in</strong></span> <span class='ocrx_word' id='word_1_636' title='bbox 3513 3776 3616 3831; x_wconf 88' lang='lat' dir='ltr'><strong>hoc</strong></span> 
     </span>
    </p>
   </div>
   <div class='ocr_carea' id='block_1_84' title="bbox 2021 3864 3607 3934">
    <p class='ocr_par' dir='ltr' id='par_1_84' title="bbox 2021 3864 3607 3934">
     <span class='ocr_line' id='line_1_84' title="bbox 2021 3864 3607 3934; baseline 0 -14"><span class='ocrx_word' id='word_1_637' title='bbox 2021 3877 2197 3920; x_wconf 88' lang='lat' dir='ltr'><strong>tamen</strong></span> <span class='ocrx_word' id='word_1_638' title='bbox 2243 3866 2601 3930; x_wconf 86' lang='lat' dir='ltr'><strong>consentiant,</strong></span> <span class='ocrx_word' id='word_1_639' title='bbox 2634 3866 2777 3934; x_wconf 88' lang='lat' dir='ltr'><strong>quod</strong></span> <span class='ocrx_word' id='word_1_640' title='bbox 2818 3864 2870 3918; x_wconf 91' lang='lat' dir='ltr'><strong>in</strong></span> <span class='ocrx_word' id='word_1_641' title='bbox 2910 3864 3105 3919; x_wconf 87' lang='lat' dir='ltr'><strong>talibus</strong></span> <span class='ocrx_word' id='word_1_642' title='bbox 3145 3865 3322 3919; x_wconf 88' lang='lat' dir='ltr'><strong>causis</strong></span> <span class='ocrx_word' id='word_1_643' title='bbox 3354 3866 3607 3934; x_wconf 64' lang='lat' dir='ltr'><strong>praevari-</strong></span> 
     </span>
    </p>
   </div>
   <div class='ocr_carea' id='block_1_85' title="bbox 2017 3956 3608 4026">
    <p class='ocr_par' dir='ltr' id='par_1_85' title="bbox 2017 3956 3608 4026">
     <span class='ocr_line' id='line_1_85' title="bbox 2017 3956 3608 4026; baseline -0.002 -12"><span class='ocrx_word' id='word_1_644' title='bbox 2017 3968 2255 4014; x_wconf 80' lang='lat' dir='ltr'><strong>catornm</strong></span> <span class='ocrx_word' id='word_1_645' title='bbox 2300 3958 2373 4010; x_wconf 90' lang='lat' dir='ltr'><strong>sit</strong></span> <span class='ocrx_word' id='word_1_646' title='bbox 2414 3957 2625 4011; x_wconf 84' lang='lat' dir='ltr'><strong>vitanda</strong></span> <span class='ocrx_word' id='word_1_647' title='bbox 2673 3956 3013 4011; x_wconf 73' lang='lat' dir='ltr'><strong>communio?</strong></span> <span class='ocrx_word' id='word_1_648' title='bbox 3053 3965 3111 4010; x_wconf 90' lang='lat' dir='ltr'><strong>et</strong></span> <span class='ocrx_word' id='word_1_649' title='bbox 3143 3957 3285 4026; x_wconf 89' lang='lat' dir='ltr'><strong>quod</strong></span> <span class='ocrx_word' id='word_1_650' title='bbox 3318 3958 3404 4012; x_wconf 80' lang='lat' dir='ltr'><strong>illa</strong></span> <span class='ocrx_word' id='word_1_651' title='bbox 3447 3972 3550 4026; x_wconf 81' lang='lat' dir='ltr'><strong>pax</strong></span> <span class='ocrx_word' id='word_1_652' title='bbox 3579 3973 3608 4011; x_wconf 90' lang='lat' dir='ltr'><strong>a</strong></span> 
     </span>
    </p>
   </div>
   <div class='ocr_carea' id='block_1_86' title="bbox 2020 4045 3607 4117">
    <p class='ocr_par' dir='ltr' id='par_1_86' title="bbox 2020 4045 3607 4117">
     <span class='ocr_line' id='line_1_86' title="bbox 2020 4045 3607 4117; baseline 0 -14"><span class='ocrx_word' id='word_1_653' title='bbox 2020 4048 2111 4103; x_wconf 92' lang='lat' dir='ltr'><strong>Dei</strong></span> <span class='ocrx_word' id='word_1_654' title='bbox 2141 4047 2512 4102; x_wconf 59' lang='lat' dir='ltr'><strong>sarerdotibus</strong></span> <span class='ocrx_word' id='word_1_655' title='bbox 2539 4047 2593 4100; x_wconf 90' lang='lat' dir='ltr'><strong>in</strong></span> <span class='ocrx_word' id='word_1_656' title='bbox 2624 4045 2864 4100; x_wconf 84' lang='lat' dir='ltr'><strong>Ecclesia</strong></span> <span class='ocrx_word' id='word_1_657' title='bbox 2892 4045 2963 4100; x_wconf 90' lang='lat' dir='ltr'><strong>sit</strong></span> <span class='ocrx_word' id='word_1_658' title='bbox 3000 4046 3228 4102; x_wconf 89' lang='lat' dir='ltr'><strong>tenenda</strong></span> <span class='ocrx_word' id='word_1_659' title='bbox 3256 4062 3374 4117; x_wconf 78' lang='lat' dir='ltr'><strong>qua:</strong></span> <span class='ocrx_word' id='word_1_660' title='bbox 3410 4056 3607 4103; x_wconf 88' lang='lat' dir='ltr'><strong>statum</strong></span> 
     </span>
    </p>
   </div>
   <div class='ocr_carea' id='block_1_87' title="bbox 2018 4130 3615 4210">
    <p class='ocr_par' dir='ltr' id='par_1_87' title="bbox 2018 4130 3615 4210">
     <span class='ocr_line' id='line_1_87' title="bbox 2018 4130 3615 4210; baseline 0.001 -16"><span class='ocrx_word' id='word_1_661' title='bbox 2018 4140 2185 4210; x_wconf 90' lang='lat' dir='ltr'><strong>ipsius</strong></span> <span class='ocrx_word' id='word_1_662' title='bbox 2216 4155 2322 4194; x_wconf 92' lang='lat' dir='ltr'><strong>non</strong></span> <span class='ocrx_word' id='word_1_663' title='bbox 2349 4138 2627 4194; x_wconf 84' lang='lat' dir='ltr'><strong>subvertat</strong></span> <span class='ocrx_word' id='word_1_664' title='bbox 2656 4130 2945 4193; x_wconf 81' lang='lat' dir='ltr'><strong>Ecclesiae?</strong></span> <span class='ocrx_word' id='word_1_665' title='bbox 2974 4138 3307 4194; x_wconf 88' lang='lat' dir='ltr'><strong>subvertitur</strong></span> <span class='ocrx_word' id='word_1_666' title='bbox 3334 4142 3615 4206; x_wconf 49' lang='lat' dir='ltr'><strong>autem,,si</strong></span> 
     </span>
    </p>
   </div>
   <div class='ocr_carea' id='block_1_88' title="bbox 2014 4232 3616 4303">
    <p class='ocr_par' dir='ltr' id='par_1_88' title="bbox 2014 4232 3616 4303">
     <span class='ocr_line' id='line_1_88' title="bbox 2014 4232 3616 4303; baseline 0.001 -14"><span class='ocrx_word' id='word_1_667' title='bbox 2014 4237 2132 4303; x_wconf 82' lang='lat' dir='ltr'><strong>ejus</strong></span> <span class='ocrx_word' id='word_1_668' title='bbox 2182 4235 2249 4289; x_wconf 86' lang='lat' dir='ltr'><strong>de</strong></span> <span class='ocrx_word' id='word_1_669' title='bbox 2294 4233 2399 4288; x_wconf 87' lang='lat' dir='ltr'><strong>lide</strong></span> <span class='ocrx_word' id='word_1_670' title='bbox 2445 4232 2713 4302; x_wconf 80' lang='lat' dir='ltr'><strong>generalia</strong></span> <span class='ocrx_word' id='word_1_671' title='bbox 2764 4233 3056 4287; x_wconf 89' lang='lat' dir='ltr'><strong>constituta</strong></span> <span class='ocrx_word' id='word_1_672' title='bbox 3101 4234 3336 4289; x_wconf 86' lang='lat' dir='ltr'><strong>decretis</strong></span> <span class='ocrx_word' id='word_1_673' title='bbox 3379 4235 3616 4290; x_wconf 82' lang='lat' dir='ltr'><strong>aliorum</strong></span> 
     </span>
    </p>
   </div>
   <div class='ocr_carea' id='block_1_89' title="bbox 2015 4327 3609 4401">
    <p class='ocr_par' dir='ltr' id='par_1_89' title="bbox 2015 4327 3609 4401">
     <span class='ocr_line' id='line_1_89' title="bbox 2015 4327 3609 4401; baseline 0.002 -18"><span class='ocrx_word' id='word_1_674' title='bbox 2015 4329 2353 4383; x_wconf 88' lang='lat' dir='ltr'><strong>sacerdotum</strong></span> <span class='ocrx_word' id='word_1_675' title='bbox 2395 4327 2633 4397; x_wconf 81' lang='lat' dir='ltr'><strong>qualibet</strong></span> <span class='ocrx_word' id='word_1_676' title='bbox 2680 4328 2973 4384; x_wconf 15' lang='lat' dir='ltr'><strong>occasiOne‘</strong></span> <span class='ocrx_word' id='word_1_677' title='bbox 3002 4328 3337 4400; x_wconf 76' lang='lat' dir='ltr'><strong>frangantur.</strong></span> <span class='ocrx_word' id='word_1_678' title='bbox 3379 4331 3609 4401; x_wconf 85' lang='lat' dir='ltr'><strong>Propter</strong></span> 
     </span>
    </p>
   </div>
   <div class='ocr_carea' id='block_1_90' title="bbox 2014 4419 3610 4489">
    <p class='ocr_par' dir='ltr' id='par_1_90' title="bbox 2014 4419 3610 4489">
     <span class='ocr_line' id='line_1_90' title="bbox 2014 4419 3610 4489; baseline 0.004 -18"><span class='ocrx_word' id='word_1_679' title='bbox 2014 4421 2155 4489; x_wconf 81' lang='lat' dir='ltr'><strong>quod</strong></span> <span class='ocrx_word' id='word_1_680' title='bbox 2203 4430 2255 4475; x_wconf 91' lang='lat' dir='ltr'><strong>et</strong></span> <span class='ocrx_word' id='word_1_681' title='bbox 2296 4420 2417 4475; x_wconf 87' lang='lat' dir='ltr'><strong>illos</strong></span> <span class='ocrx_word' id='word_1_682' title='bbox 2453 4420 2542 4487; x_wconf 91' lang='lat' dir='ltr'><strong>qui</strong></span> <span class='ocrx_word' id='word_1_683' title='bbox 2585 4419 2779 4474; x_wconf 84' lang='lat' dir='ltr'><strong>talibus</strong></span> <span class='ocrx_word' id='word_1_684' title='bbox 2807 4423 3337 4477; x_wconf 78' lang='lat' dir='ltr'><strong>communicaverant</strong></span> <span class='ocrx_word' id='word_1_685' title='bbox 3382 4424 3610 4478; x_wconf 82' lang='lat' dir='ltr'><strong>veniens</strong></span> 
     </span>
    </p>
   </div>
   <div class='ocr_carea' id='block_1_91' title="bbox 314 4503 3609 4584">
    <p class='ocr_par' dir='ltr' id='par_1_91' title="bbox 314 4503 3609 4584">
     <span class='ocr_line' id='line_1_91' title="bbox 314 4503 3609 4584; baseline 0.005 -28"><span class='ocrx_word' id='word_1_686' title='bbox 314 4503 488 4569; x_wconf 89' lang='lat' dir='ltr'><strong>mius,</strong></span> <span class='ocrx_word' id='word_1_687' title='bbox 538 4514 591 4559; x_wconf 91' lang='lat' dir='ltr'><strong>et</strong></span> <span class='ocrx_word' id='word_1_688' title='bbox 644 4506 833 4560; x_wconf 86' lang='lat' dir='ltr'><strong>Petrus</strong></span> <span class='ocrx_word' id='word_1_689' title='bbox 876 4507 1431 4577; x_wconf 81' lang='lat' dir='ltr'><strong>Hierosolymitanus,</strong></span> <span class='ocrx_word' id='word_1_690' title='bbox 1486 4518 1771 4577; x_wconf 88' lang='lat' dir='ltr'><strong>antequam</strong></span> <span class='ocrx_word' id='word_1_691' title='bbox 1821 4509 1907 4563; x_wconf 90' lang='lat' dir='ltr'><strong>vel</strong></span> <span class='ocrx_word' id='word_1_692' title='bbox 1935 4517 1989 4577; x_wconf 77' lang='grc' dir='ltr'><strong>Ι)</strong></span> <span class='ocrx_word' id='word_1_693' title='bbox 2016 4511 2065 4566; x_wconf 91' lang='lat' dir='ltr'><strong>in</strong></span> <span class='ocrx_word' id='word_1_694' title='bbox 2106 4512 2306 4579; x_wconf 83' lang='lat' dir='ltr'><strong>regiam</strong></span> <span class='ocrx_word' id='word_1_695' title='bbox 2346 4511 2611 4564; x_wconf 87' lang='lat' dir='ltr'><strong>civitatem</strong></span> <span class='ocrx_word' id='word_1_696' title='bbox 2641 4526 2668 4563; x_wconf 90' lang='lat' dir='ltr'><strong>a</strong></span> <span class='ocrx_word' id='word_1_697' title='bbox 2702 4514 3081 4568; x_wconf 89' lang='lat' dir='ltr'><strong>communione</strong></span> <span class='ocrx_word' id='word_1_698' title='bbox 3120 4515 3398 4584; x_wconf 84' lang='lat' dir='ltr'><strong>suspendit</strong></span> <span class='ocrx_word' id='word_1_699' title='bbox 3426 4515 3475 4569; x_wconf 66' lang='grc' dir='ltr'><strong>ι’.</strong></span> <span class='ocrx_word' id='word_1_700' title='bbox 3505 4514 3609 4583; x_wconf 85' lang='lat' dir='ltr'><strong>Qui</strong></span> 
     </span>
    </p>
   </div>
   <div class='ocr_carea' id='block_1_92' title="bbox 313 4595 1910 4665">
    <p class='ocr_par' dir='ltr' id='par_1_92' title="bbox 313 4595 1910 4665">
     <span class='ocr_line' id='line_1_92' title="bbox 313 4595 1910 4665; baseline 0.006 -18"><span class='ocrx_word' id='word_1_701' title='bbox 313 4595 686 4651; x_wconf 83' lang='lat' dir='ltr'><strong>consentirent</strong></span> <span class='ocrx_word' id='word_1_702' title='bbox 712 4599 794 4652; x_wconf 86' lang='lat' dir='ltr'><strong>vel</strong></span> <span class='ocrx_word' id='word_1_703' title='bbox 822 4599 1102 4665; x_wconf 90' lang='lat' dir='ltr'><strong>cederent,</strong></span> <span class='ocrx_word' id='word_1_704' title='bbox 1135 4599 1316 4655; x_wconf 85' lang='lat' dir='ltr'><strong>testati</strong></span> <span class='ocrx_word' id='word_1_705' title='bbox 1355 4610 1481 4655; x_wconf 86' lang='lat' dir='ltr'><strong>sunt</strong></span> <span class='ocrx_word' id='word_1_706' title='bbox 1522 4600 1635 4656; x_wconf 82' lang='lat' dir='ltr'><strong>fieri</strong></span> <span class='ocrx_word' id='word_1_707' title='bbox 1678 4616 1783 4656; x_wconf 89' lang='lat' dir='ltr'><strong>non</strong></span> <span class='ocrx_word' id='word_1_708' title='bbox 1812 4601 1910 4657; x_wconf 89' lang='lat' dir='ltr'><strong>de-</strong></span> 
     </span>
    </p>
   </div>
   <div class='ocr_carea' id='block_1_93' title="bbox 312 4684 1911 4763">
    <p class='ocr_par' dir='ltr' id='par_1_93' title="bbox 312 4684 1911 4763">
     <span class='ocr_line' id='line_1_93' title="bbox 312 4684 1911 4763; baseline 0.006 -24"><span class='ocrx_word' id='word_1_709' title='bbox 312 4684 465 4740; x_wconf 82' lang='lat' dir='ltr'><strong>bere.</strong></span> <span class='ocrx_word' id='word_1_710' title='bbox 497 4687 576 4741; x_wconf 84' lang='lat' dir='ltr'><strong>Ub</strong></span> <span class='ocrx_word' id='word_1_711' title='bbox 606 4688 705 4743; x_wconf 83' lang='lat' dir='ltr'><strong>hoc</strong></span> <span class='ocrx_word' id='word_1_712' title='bbox 733 4691 894 4743; x_wconf 87' lang='lat' dir='ltr'><strong>etiam</strong></span> <span class='ocrx_word' id='word_1_713' title='bbox 924 4690 992 4747; x_wconf 93' lang='lat' dir='ltr'><strong>de</strong></span> <span class='ocrx_word' id='word_1_714' title='bbox 1017 4693 1186 4762; x_wconf 86' lang='lat' dir='ltr'><strong>ipsius</strong></span> <span class='ocrx_word' id='word_1_715' title='bbox 1213 4693 1448 4763; x_wconf 84' lang='lat' dir='ltr'><strong>episcopi</strong></span> <span class='ocrx_word' id='word_1_716' title='bbox 1480 4692 1707 4747; x_wconf 77' lang='lat' dir='ltr'><strong>Romani</strong></span> <span class='ocrx_word' id='word_1_717' title='bbox 1730 4694 1911 4748; x_wconf 84' lang='lat' dir='ltr'><strong>chiro-</strong></span> 
     </span>
    </p>
   </div>
   <div class='ocr_carea' id='block_1_94' title="bbox 313 4778 1907 4855">
    <p class='ocr_par' dir='ltr' id='par_1_94' title="bbox 313 4778 1907 4855">
     <span class='ocr_line' id='line_1_94' title="bbox 313 4778 1907 4855; baseline 0.008 -27"><span class='ocrx_word' id='word_1_718' title='bbox 313 4778 570 4847; x_wconf 75' lang='lat' dir='ltr'><strong>grapbis,</strong></span> <span class='ocrx_word' id='word_1_719' title='bbox 623 4781 703 4837; x_wconf 87' lang='lat' dir='ltr'><strong>vel</strong></span> <span class='ocrx_word' id='word_1_720' title='bbox 756 4785 901 4850; x_wconf 88' lang='lat' dir='ltr'><strong>prius</strong></span> <span class='ocrx_word' id='word_1_721' title='bbox 948 4785 1257 4839; x_wconf 84' lang='lat' dir='ltr'><strong>ambitionis</strong></span> <span class='ocrx_word' id='word_1_722' title='bbox 1310 4785 1574 4855; x_wconf 89' lang='lat' dir='ltr'><strong>impulsu,</strong></span> <span class='ocrx_word' id='word_1_723' title='bbox 1620 4802 1742 4841; x_wconf 90' lang='lat' dir='ltr'><strong>cum</strong></span> <span class='ocrx_word' id='word_1_724' title='bbox 1797 4787 1907 4841; x_wconf 87' lang='lat' dir='ltr'><strong>lieri</strong></span> 
     </span>
    </p>
   </div>
   <div class='ocr_carea' id='block_1_95' title="bbox 310 4868 1906 4947">
    <p class='ocr_par' dir='ltr' id='par_1_95' title="bbox 310 4868 1906 4947">
     <span class='ocr_line' id='line_1_95' title="bbox 310 4868 1906 4947; baseline 0.006 -26"><span class='ocrx_word' id='word_1_725' title='bbox 310 4868 534 4923; x_wconf 85' lang='lat' dir='ltr'><strong>arderet</strong></span> <span class='ocrx_word' id='word_1_726' title='bbox 575 4873 885 4941; x_wconf 58' lang='lat' dir='ltr'><strong>episcoiius,</strong></span> <span class='ocrx_word' id='word_1_727' title='bbox 919 4876 999 4928; x_wconf 90' lang='lat' dir='ltr'><strong>vel</strong></span> <span class='ocrx_word' id='word_1_728' title='bbox 1034 4885 1216 4943; x_wconf 87' lang='lat' dir='ltr'><strong>postea</strong></span> <span class='ocrx_word' id='word_1_729' title='bbox 1262 4877 1553 4932; x_wconf 84' lang='lat' dir='ltr'><strong>venalitate</strong></span> <span class='ocrx_word' id='word_1_730' title='bbox 1584 4879 1721 4947; x_wconf 83' lang='lat' dir='ltr'><strong>parti</strong></span> <span class='ocrx_word' id='word_1_731' title='bbox 1754 4878 1906 4933; x_wconf 75' lang='lat' dir='ltr'><strong>alteri</strong></span> 
     </span>
    </p>
   </div>
   <div class='ocr_carea' id='block_1_96' title="bbox 310 4956 1911 5036">
    <p class='ocr_par' dir='ltr' id='par_1_96' title="bbox 310 4956 1911 5036">
     <span class='ocr_line' id='line_1_96' title="bbox 310 4956 1911 5036; baseline 0.008 -26"><span class='ocrx_word' id='word_1_732' title='bbox 310 4956 491 5024; x_wconf 78' lang='lat' dir='ltr'><strong>tactis,</strong></span> <span class='ocrx_word' id='word_1_733' title='bbox 527 4965 889 5018; x_wconf 84' lang='lat' dir='ltr'><strong>necessarium</strong></span> <span class='ocrx_word' id='word_1_734' title='bbox 936 4963 1192 5020; x_wconf 81' lang='lat' dir='ltr'><strong>duximus</strong></span> <span class='ocrx_word' id='word_1_735' title='bbox 1235 4980 1341 5020; x_wconf 91' lang='lat' dir='ltr'><strong>non</strong></span> <span class='ocrx_word' id='word_1_736' title='bbox 1382 4975 1587 5036; x_wconf 89' lang='lat' dir='ltr'><strong>tacere,</strong></span> <span class='ocrx_word' id='word_1_737' title='bbox 1621 4982 1690 5023; x_wconf 90' lang='lat' dir='ltr'><strong>ne</strong></span> <span class='ocrx_word' id='word_1_738' title='bbox 1727 4978 1911 5023; x_wconf 89' lang='lat' dir='ltr'><strong>aucto-</strong></span> 
     </span>
    </p>
   </div>
   <div class='ocr_carea' id='block_1_97' title="bbox 309 5046 1905 5125">
    <p class='ocr_par' dir='ltr' id='par_1_97' title="bbox 309 5046 1905 5125">
     <span class='ocr_line' id='line_1_97' title="bbox 309 5046 1905 5125; baseline 0.009 -24"><span class='ocrx_word' id='word_1_739' title='bbox 309 5050 472 5106; x_wconf 87' lang='lat' dir='ltr'><strong>ritate</strong></span> <span class='ocrx_word' id='word_1_740' title='bbox 498 5052 727 5107; x_wconf 88' lang='lat' dir='ltr'><strong>nominis</strong></span> <span class='ocrx_word' id='word_1_741' title='bbox 756 5054 874 5124; x_wconf 66' lang='lat' dir='ltr'><strong>eius</strong></span> <span class='ocrx_word' id='word_1_742' title='bbox 908 5055 1275 5125; x_wconf 67' lang='lat' dir='ltr'><strong>praejudicium</strong></span> <span class='ocrx_word' id='word_1_743' title='bbox 1303 5057 1439 5113; x_wconf 84' lang='lat' dir='ltr'><strong>ﬁdes</strong></span> <span class='ocrx_word' id='word_1_744' title='bbox 1467 5074 1592 5114; x_wconf 89' lang='lat' dir='ltr'><strong>vera</strong></span> <span class='ocrx_word' id='word_1_745' title='bbox 1634 5046 1905 5115; x_wconf 78' lang='lat' dir='ltr'><strong>suﬂ&#39;erret.</strong></span> 
     </span>
    </p>
   </div>
   <div class='ocr_carea' id='block_1_98' title="bbox 309 5140 1904 5221">
    <p class='ocr_par' dir='ltr' id='par_1_98' title="bbox 309 5140 1904 5221">
     <span class='ocr_line' id='line_1_98' title="bbox 309 5140 1904 5221; baseline 0.008 -26"><span class='ocrx_word' id='word_1_746' title='bbox 309 5141 464 5207; x_wconf 83' lang='lat' dir='ltr'><strong>Quod</strong></span> <span class='ocrx_word' id='word_1_747' title='bbox 495 5145 538 5197; x_wconf 88' lang='lat' dir='ltr'><strong>si</strong></span> <span class='ocrx_word' id='word_1_748' title='bbox 569 5143 669 5200; x_wconf 90' lang='lat' dir='ltr'><strong>hoc</strong></span> <span class='ocrx_word' id='word_1_749' title='bbox 698 5162 801 5200; x_wconf 83' lang='lat' dir='ltr'><strong>non</strong></span> <span class='ocrx_word' id='word_1_750' title='bbox 825 5140 1040 5217; x_wconf 81' lang='lat' dir='ltr'><strong>fnisset&#39;,</strong></span> <span class='ocrx_word' id='word_1_751' title='bbox 1070 5164 1244 5220; x_wconf 88' lang='lat' dir='ltr'><strong>neque</strong></span> <span class='ocrx_word' id='word_1_752' title='bbox 1276 5150 1394 5221; x_wconf 84' lang='lat' dir='ltr'><strong>ipse</strong></span> <span class='ocrx_word' id='word_1_753' title='bbox 1420 5153 1573 5221; x_wconf 84' lang='lat' dir='ltr'><strong>prius</strong></span> <span class='ocrx_word' id='word_1_754' title='bbox 1603 5154 1904 5208; x_wconf 80' lang='lat' dir='ltr'><strong>universam</strong></span> 
     </span>
    </p>
   </div>
   <div class='ocr_carea' id='block_1_99' title="bbox 380 5339 1182 5416">
    <p class='ocr_par' dir='ltr' id='par_1_99' title="bbox 380 5339 1182 5416">
     <span class='ocr_line' id='line_1_99' title="bbox 380 5339 1182 5416; baseline 0.009 -23"><span class='ocrx_word' id='word_1_755' title='bbox 380 5346 409 5416; x_wconf 70' lang='grc' dir='ltr'><strong>ξι</strong></span> <span class='ocrx_word' id='word_1_756' title='bbox 450 5339 579 5416; x_wconf 60' lang='lat' dir='ltr'><strong>god.</strong></span> <span class='ocrx_word' id='word_1_757' title='bbox 612 5358 747 5416; x_wconf 66' lang='lat' dir='ltr'><strong>unus</strong></span> <span class='ocrx_word' id='word_1_758' title='bbox 774 5358 900 5407; x_wconf 84' lang='lat' dir='ltr'><strong>ms.,</strong></span> <span class='ocrx_word' id='word_1_759' title='bbox 934 5347 1182 5416; x_wconf 69' lang='lat' dir='ltr'><strong>prwfatar.</strong></span> 
     </span>
    </p>
   </div>
   <div class='ocr_carea' id='block_1_100' title="bbox 379 5406 1892 5495">
    <p class='ocr_par' dir='ltr' id='par_1_100' title="bbox 379 5406 1892 5495">
     <span class='ocr_line' id='line_1_100' title="bbox 379 5406 1892 5495; baseline 0.006 -33"><span class='ocrx_word' id='word_1_760' title='bbox 379 5406 419 5495; x_wconf 44' lang='grc' dir='ltr'><strong>ξι.</strong></span> <span class='ocrx_word' id='word_1_761' title='bbox 457 5412 695 5495; x_wconf 63' lang='lat' dir='ltr'><strong>Hennam</strong></span> <span class='ocrx_word' id='word_1_762' title='bbox 731 5414 782 5466; x_wconf 90' lang='lat' dir='ltr'><strong>in</strong></span> <span class='ocrx_word' id='word_1_763' title='bbox 812 5406 1132 5483; x_wconf 44' lang='lat' dir='ltr'><strong>priuiisfqui</strong></span> <span class='ocrx_word' id='word_1_764' title='bbox 1169 5417 1324 5471; x_wconf 91' lang='lat' dir='ltr'><strong>trium</strong></span> <span class='ocrx_word' id='word_1_765' title='bbox 1354 5417 1718 5495; x_wconf 84' lang='lat' dir='ltr'><strong>Capitulorum</strong></span> <span class='ocrx_word' id='word_1_766' title='bbox 1748 5418 1892 5471; x_wconf 77' lang='lat' dir='ltr'><strong>dam-</strong></span> 
     </span>
    </p>
   </div>
   <div class='ocr_carea' id='block_1_101' title="bbox 307 5489 1896 5558">
    <p class='ocr_par' dir='ltr' id='par_1_101' title="bbox 307 5489 1896 5558">
     <span class='ocr_line' id='line_1_101' title="bbox 307 5489 1896 5558; baseline 0.007 -25"><span class='ocrx_word' id='word_1_767' title='bbox 307 5489 511 5535; x_wconf 81' lang='lat' dir='ltr'><strong>nationi</strong></span> <span class='ocrx_word' id='word_1_768' title='bbox 555 5489 758 5551; x_wconf 86' lang='lat' dir='ltr'><strong>primus</strong></span> <span class='ocrx_word' id='word_1_769' title='bbox 807 5496 1179 5553; x_wconf 80' lang='lat' dir='ltr'><strong>consenserat,</strong></span> <span class='ocrx_word' id='word_1_770' title='bbox 1228 5501 1454 5558; x_wconf 88' lang='lat' dir='ltr'><strong>quatuor</strong></span> <span class='ocrx_word' id='word_1_771' title='bbox 1496 5491 1759 5545; x_wconf 86' lang='lat' dir='ltr'><strong>mensium</strong></span> <span class='ocrx_word' id='word_1_772' title='bbox 1801 5504 1896 5544; x_wconf 81' lang='lat' dir='ltr'><strong>ex-</strong></span> 
     </span>
    </p>
   </div>
   <div class='ocr_carea' id='block_1_102' title="bbox 304 5676 1903 5803">
    <p class='ocr_par' dir='ltr' id='par_1_102' title="bbox 304 5676 1903 5803">
     <span class='ocr_line' id='line_1_102' title="bbox 304 5676 1903 5803; baseline 0.014 -79"><span class='ocrx_word' id='word_1_773' title='bbox 304 5679 571 5803; x_wconf 53' lang='lat' dir='ltr'><strong>&#39;m;”(‘2od.</strong></span> <span class='ocrx_word' id='word_1_774' title='bbox 610 5681 828 5752; x_wconf 72' lang='lat' dir='ltr'><strong>V-ro:t.,</strong></span> <span class='ocrx_word' id='word_1_775' title='bbox 860 5696 905 5741; x_wconf 80' lang='lat' dir='ltr'><strong>ct</strong></span> <span class='ocrx_word' id='word_1_776' title='bbox 947 5688 1070 5759; x_wconf 78' lang='lat' dir='ltr'><strong>quid</strong></span> <span class='ocrx_word' id='word_1_777' title='bbox 1101 5690 1162 5745; x_wconf 81' lang='lat' dir='ltr'><strong>tle</strong></span> <span class='ocrx_word' id='word_1_778' title='bbox 1191 5690 1293 5746; x_wconf 75' lang='lat' dir='ltr'><strong>illis</strong></span> <span class='ocrx_word' id='word_1_779' title='bbox 1325 5701 1504 5762; x_wconf 76' lang='lat' dir='ltr'><strong>agant,</strong></span> <span class='ocrx_word' id='word_1_780' title='bbox 1538 5692 1635 5762; x_wconf 80' lang='lat' dir='ltr'><strong>ipsi</strong></span> <span class='ocrx_word' id='word_1_781' title='bbox 1663 5676 1778 5765; x_wconf 55' lang='lat' dir='ltr'><strong>jam</strong></span> <span class='ocrx_word' id='word_1_782' title='bbox 1814 5708 1903 5747; x_wconf 80' lang='lat' dir='ltr'><strong>no-</strong></span> 
     </span>
    </p>
   </div>
   <div class='ocr_carea' id='block_1_103' title="bbox 2015 4602 3609 4675">
    <p class='ocr_par' dir='ltr' id='par_1_103' title="bbox 2015 4602 3609 4675">
     <span class='ocr_line' id='line_1_103' title="bbox 2015 4602 3609 4675; baseline 0.004 -17"><span class='ocrx_word' id='word_1_783' title='bbox 2015 4604 2095 4659; x_wconf 91' lang='lat' dir='ltr'><strong>sic</strong></span> <span class='ocrx_word' id='word_1_784' title='bbox 2122 4618 2310 4658; x_wconf 79' lang='lat' dir='ltr'><strong>rursus</strong></span> <span class='ocrx_word' id='word_1_785' title='bbox 2341 4602 2393 4657; x_wconf 91' lang='lat' dir='ltr'><strong>in</strong></span> <span class='ocrx_word' id='word_1_786' title='bbox 2428 4604 2741 4658; x_wconf 87' lang='lat' dir='ltr'><strong>memoratis</strong></span> <span class='ocrx_word' id='word_1_787' title='bbox 2769 4604 2879 4659; x_wconf 91' lang='lat' dir='ltr'><strong>suis</strong></span> <span class='ocrx_word' id='word_1_788' title='bbox 2906 4604 3098 4661; x_wconf 90' lang='lat' dir='ltr'><strong>litteris</strong></span> <span class='ocrx_word' id='word_1_789' title='bbox 3126 4606 3254 4662; x_wconf 89' lang='lat' dir='ltr'><strong>dicit</strong></span> <span class='ocrx_word' id='word_1_790' title='bbox 3286 4624 3299 4660; x_wconf 89' lang='lat'><strong>:</strong></span> <span class='ocrx_word' id='word_1_791' title='bbox 3334 4628 3352 4657; x_wconf 71' lang='grc' dir='ltr'><strong><em>ι</em></strong></span> <span class='ocrx_word' id='word_1_792' title='bbox 3382 4608 3609 4675; x_wconf 85' lang='lat' dir='ltr'><strong>Quando</strong></span> 
     </span>
    </p>
   </div>
   <div class='ocr_carea' id='block_1_104' title="bbox 2018 4694 3604 4768">
    <p class='ocr_par' dir='ltr' id='par_1_104' title="bbox 2018 4694 3604 4768">
     <span class='ocr_line' id='line_1_104' title="bbox 2018 4694 3604 4768; baseline 0.003 -19"><span class='ocrx_word' id='word_1_793' title='bbox 2018 4696 2171 4749; x_wconf 84' lang='lat' dir='ltr'><strong>nobis</strong></span> <span class='ocrx_word' id='word_1_794' title='bbox 2219 4709 2322 4749; x_wconf 92' lang='lat' dir='ltr'><strong>non</strong></span> <span class='ocrx_word' id='word_1_795' title='bbox 2372 4696 2441 4749; x_wconf 90' lang='lat' dir='ltr'><strong>sit</strong></span> <span class='ocrx_word' id='word_1_796' title='bbox 2482 4694 2811 4765; x_wconf 82' lang='lat' dir='ltr'><strong>incognitum</strong></span> <span class='ocrx_word' id='word_1_797' title='bbox 2852 4697 2973 4767; x_wconf 84' lang='lat' dir='ltr'><strong>quia</strong></span> <span class='ocrx_word' id='word_1_798' title='bbox 3005 4698 3261 4754; x_wconf 85' lang='lat' dir='ltr'><strong>diaconus</strong></span> <span class='ocrx_word' id='word_1_799' title='bbox 3298 4699 3604 4768; x_wconf 81' lang='lat' dir='ltr'><strong>Stephanus</strong></span> 
     </span>
    </p>
   </div>
   <div class='ocr_carea' id='block_1_105' title="bbox 2016 4786 3603 4859">
    <p class='ocr_par' dir='ltr' id='par_1_105' title="bbox 2016 4786 3603 4859">
     <span class='ocr_line' id='line_1_105' title="bbox 2016 4786 3603 4859; baseline 0.003 -18"><span class='ocrx_word' id='word_1_800' title='bbox 2016 4797 2140 4840; x_wconf 91' lang='lat' dir='ltr'><strong>tunc</strong></span> <span class='ocrx_word' id='word_1_801' title='bbox 2167 4786 2497 4855; x_wconf 87' lang='lat' dir='ltr'><strong>responsalis</strong></span> <span class='ocrx_word' id='word_1_802' title='bbox 2520 4797 2738 4853; x_wconf 85' lang='lat' dir='ltr'><strong>nostrae,</strong></span> <span class='ocrx_word' id='word_1_803' title='bbox 2762 4787 2846 4841; x_wconf 92' lang='lat' dir='ltr'><strong>cui</strong></span> <span class='ocrx_word' id='word_1_804' title='bbox 2870 4802 2965 4858; x_wconf 89' lang='lat' dir='ltr'><strong>per</strong></span> <span class='ocrx_word' id='word_1_805' title='bbox 2990 4788 3082 4843; x_wconf 90' lang='lat' dir='ltr'><strong>Dei</strong></span> <span class='ocrx_word' id='word_1_806' title='bbox 3104 4790 3326 4859; x_wconf 84' lang='lat' dir='ltr'><strong>gratiam</strong></span> <span class='ocrx_word' id='word_1_807' title='bbox 3349 4790 3603 4858; x_wconf 72' lang='lat' dir='ltr'><strong>prmside-</strong></span> 
     </span>
    </p>
   </div>
   <div class='ocr_carea' id='block_1_106' title="bbox 2014 4876 3600 4948">
    <p class='ocr_par' dir='ltr' id='par_1_106' title="bbox 2014 4876 3600 4948">
     <span class='ocr_line' id='line_1_106' title="bbox 2014 4876 3600 4948; baseline 0.004 -18"><span class='ocrx_word' id='word_1_808' title='bbox 2014 4892 2152 4940; x_wconf 81' lang='lat' dir='ltr'><strong>mus,</strong></span> <span class='ocrx_word' id='word_1_809' title='bbox 2187 4876 2463 4940; x_wconf 71' lang='lat' dir='ltr'><strong>Ecclesiae,</strong></span> <span class='ocrx_word' id='word_1_810' title='bbox 2516 4892 2639 4931; x_wconf 91' lang='lat' dir='ltr'><strong>cum</strong></span> <span class='ocrx_word' id='word_1_811' title='bbox 2696 4876 2938 4946; x_wconf 84' lang='lat' dir='ltr'><strong>plurimis</strong></span> <span class='ocrx_word' id='word_1_812' title='bbox 2995 4876 3316 4934; x_wconf 76' lang='lat' dir='ltr'><strong>Christianis</strong></span> <span class='ocrx_word' id='word_1_813' title='bbox 3363 4881 3600 4948; x_wconf 87' lang='lat' dir='ltr'><strong>quandiu</strong></span> 
     </span>
    </p>
   </div>
   <div class='ocr_carea' id='block_1_107' title="bbox 2012 4968 3598 5039">
    <p class='ocr_par' dir='ltr' id='par_1_107' title="bbox 2012 4968 3598 5039">
     <span class='ocr_line' id='line_1_107' title="bbox 2012 4968 3598 5039; baseline 0.004 -21"><span class='ocrx_word' id='word_1_814' title='bbox 2012 4968 2145 5021; x_wconf 78' lang='lat' dir='ltr'><strong>vixit</strong></span> <span class='ocrx_word' id='word_1_815' title='bbox 2160 4982 2188 5021; x_wconf 90' lang='lat' dir='ltr'><strong>a</strong></span> <span class='ocrx_word' id='word_1_816' title='bbox 2213 4975 2299 5021; x_wconf 90' lang='lat' dir='ltr'><strong>tua</strong></span> <span class='ocrx_word' id='word_1_817' title='bbox 2318 4982 2376 5021; x_wconf 89' lang='lat' dir='ltr'><strong>se</strong></span> <span class='ocrx_word' id='word_1_818' title='bbox 2392 4969 2771 5024; x_wconf 88' lang='lat' dir='ltr'><strong>communione</strong></span> <span class='ocrx_word' id='word_1_819' title='bbox 2786 4968 3153 5039; x_wconf 80' lang='lat' dir='ltr'><strong>suspenderit;</strong></span> <span class='ocrx_word' id='word_1_820' title='bbox 3183 4980 3234 5024; x_wconf 91' lang='lat' dir='ltr'><strong>et</strong></span> <span class='ocrx_word' id='word_1_821' title='bbox 3258 4970 3308 5022; x_wconf 91' lang='lat' dir='ltr'><strong>in</strong></span> <span class='ocrx_word' id='word_1_822' title='bbox 3330 4968 3598 5025; x_wconf 74' lang='lat' dir='ltr'><strong>Siciliensi</strong></span> 
     </span>
    </p>
   </div>
   <div class='ocr_carea' id='block_1_108' title="bbox 2012 5061 3601 5129">
    <p class='ocr_par' dir='ltr' id='par_1_108' title="bbox 2012 5061 3601 5129">
     <span class='ocr_line' id='line_1_108' title="bbox 2012 5061 3601 5129; baseline 0.001 -13"><span class='ocrx_word' id='word_1_823' title='bbox 2012 5062 2180 5116; x_wconf 87' lang='lat' dir='ltr'><strong>insula</strong></span> <span class='ocrx_word' id='word_1_824' title='bbox 2223 5061 2519 5127; x_wconf 88' lang='lat' dir='ltr'><strong>constituti,</strong></span> <span class='ocrx_word' id='word_1_825' title='bbox 2563 5062 2725 5116; x_wconf 89' lang='lat' dir='ltr'><strong>fratre</strong></span> <span class='ocrx_word' id='word_1_826' title='bbox 2763 5071 2818 5116; x_wconf 89' lang='lat' dir='ltr'><strong>et</strong></span> <span class='ocrx_word' id='word_1_827' title='bbox 2860 5063 3182 5129; x_wconf 83' lang='lat' dir='ltr'><strong>coepiscopo</strong></span> <span class='ocrx_word' id='word_1_828' title='bbox 3226 5069 3410 5117; x_wconf 88' lang='lat' dir='ltr'><strong>nostro</strong></span> <span class='ocrx_word' id='word_1_829' title='bbox 3444 5062 3601 5118; x_wconf 87' lang='lat' dir='ltr'><strong>Datio</strong></span> 
     </span>
    </p>
   </div>
   <div class='ocr_carea' id='block_1_109' title="bbox 2012 5152 3597 5221">
    <p class='ocr_par' dir='ltr' id='par_1_109' title="bbox 2012 5152 3597 5221">
     <span class='ocr_line' id='line_1_109' title="bbox 2012 5152 3597 5221; baseline 0.003 -12"><span class='ocrx_word' id='word_1_830' title='bbox 2012 5153 2303 5217; x_wconf 87' lang='lat' dir='ltr'><strong>referente,</strong></span> <span class='ocrx_word' id='word_1_831' title='bbox 2335 5153 2622 5207; x_wconf 79' lang='lat' dir='ltr'><strong>didicimus</strong></span> <span class='ocrx_word' id='word_1_832' title='bbox 2651 5153 2794 5220; x_wconf 85' lang='lat' dir='ltr'><strong>quod</strong></span> <span class='ocrx_word' id='word_1_833' title='bbox 2824 5161 2877 5207; x_wconf 84' lang='lat' dir='ltr'><strong>et</strong></span> <span class='ocrx_word' id='word_1_834' title='bbox 2905 5153 3017 5221; x_wconf 90' lang='lat' dir='ltr'><strong>ipse</strong></span> <span class='ocrx_word' id='word_1_835' title='bbox 3046 5162 3100 5208; x_wconf 89' lang='lat' dir='ltr'><strong>et</strong></span> <span class='ocrx_word' id='word_1_836' title='bbox 3128 5152 3216 5208; x_wconf 82' lang='lat' dir='ltr'><strong>alii</strong></span> <span class='ocrx_word' id='word_1_837' title='bbox 3245 5156 3597 5213; x_wconf 79' lang='lat' dir='ltr'><strong>consacerdo-</strong></span> 
     </span>
    </p>
   </div>
   <div class='ocr_carea' id='block_1_110' title="bbox 2003 5344 3592 5409">
    <p class='ocr_par' dir='ltr' id='par_1_110' title="bbox 2003 5344 3592 5409">
     <span class='ocr_line' id='line_1_110' title="bbox 2003 5344 3592 5409; baseline 0.006 -9"><span class='ocrx_word' id='word_1_838' title='bbox 2003 5346 2488 5401; x_wconf 84' lang='lat' dir='ltr'><strong>commnnicatione</strong></span> <span class='ocrx_word' id='word_1_839' title='bbox 2536 5344 2816 5406; x_wconf 84' lang='lat' dir='ltr'><strong>multavit,</strong></span> <span class='ocrx_word' id='word_1_840' title='bbox 2855 5354 2913 5400; x_wconf 88' lang='lat' dir='ltr'><strong>ut</strong></span> <span class='ocrx_word' id='word_1_841' title='bbox 2953 5346 3153 5403; x_wconf 87' lang='lat' dir='ltr'><strong>dictum</strong></span> <span class='ocrx_word' id='word_1_842' title='bbox 3185 5349 3361 5406; x_wconf 87' lang='lat' dir='ltr'><strong>estad</strong></span> <span class='ocrx_word' id='word_1_843' title='bbox 3396 5351 3487 5407; x_wconf 91' lang='lat' dir='ltr'><strong>lib.</strong></span> <span class='ocrx_word' id='word_1_844' title='bbox 3520 5368 3592 5409; x_wconf 86' lang='lat' dir='ltr'><strong>tv.</strong></span> 
     </span>
    </p>
   </div>
   <div class='ocr_carea' id='block_1_111' title="bbox 2002 5415 3594 5487">
    <p class='ocr_par' dir='ltr' id='par_1_111' title="bbox 2002 5415 3594 5487">
     <span class='ocr_line' id='line_1_111' title="bbox 2002 5415 3594 5487; baseline 0.005 -16"><span class='ocrx_word' id='word_1_845' title='bbox 2002 5418 2357 5487; x_wconf 83' lang='lat' dir='ltr'><strong>Theophanes</strong></span> <span class='ocrx_word' id='word_1_846' title='bbox 2381 5416 2432 5471; x_wconf 92' lang='lat' dir='ltr'><strong>in</strong></span> <span class='ocrx_word' id='word_1_847' title='bbox 2462 5415 2728 5471; x_wconf 84' lang='lat' dir='ltr'><strong>Chronico</strong></span> <span class='ocrx_word' id='word_1_848' title='bbox 2756 5433 2770 5471; x_wconf 87' lang='lat'><strong>:</strong></span> <span class='ocrx_word' id='word_1_849' title='bbox 2803 5429 2885 5480; x_wconf 75' lang='grc' dir='ltr'><strong>Ὠς</strong></span> <span class='ocrx_word' id='word_1_850' title='bbox 2915 5422 2997 5474; x_wconf 78' lang='grc' dir='ltr'><strong>καὶ</strong></span> <span class='ocrx_word' id='word_1_851' title='bbox 3028 5420 3389 5481; x_wconf 75' lang='grc' dir='ltr'><strong>ἀκοινωνησίαν</strong></span> <span class='ocrx_word' id='word_1_852' title='bbox 3407 5427 3594 5480; x_wconf 77' lang='grc' dir='ltr'><strong>τεσσά-</strong></span> 
     </span>
    </p>
   </div>
   <div class='ocr_carea' id='block_1_112' title="bbox 3492 5516 3595 5569">
    <p class='ocr_par' dir='ltr' id='par_1_112' title="bbox 3492 5516 3595 5569">
     <span class='ocr_line' id='line_1_112' title="bbox 3492 5516 3595 5569; baseline 0.029 -20"><span class='ocrx_word' id='word_1_853' title='bbox 3492 5516 3595 5569; x_wconf 78' lang='grc' dir='ltr'><strong>ρων</strong></span> 
     </span>
    </p>
   </div>
   <div class='ocr_carea' id='block_1_113' title="bbox 2081 5694 2585 5763">
    <p class='ocr_par' dir='ltr' id='par_1_113' title="bbox 2081 5694 2585 5763">
     <span class='ocr_line' id='line_1_113' title="bbox 2081 5694 2585 5763; baseline -0.002 -12"><span class='ocrx_word' id='word_1_854' title='bbox 2081 5696 2099 5727; x_wconf 85' lang='grc'>³</span> <span class='ocrx_word' id='word_1_855' title='bbox 2140 5694 2285 5751; x_wconf 76' lang='lat' dir='ltr'><strong>idem</strong></span> <span class='ocrx_word' id='word_1_856' title='bbox 2314 5695 2465 5763; x_wconf 75' lang='lat' dir='ltr'><strong>cod.,</strong></span> <span class='ocrx_word' id='word_1_857' title='bbox 2494 5694 2585 5751; x_wconf 85' lang='lat' dir='ltr'><strong>ita.</strong></span> 
     </span>
    </p>
   </div>
  </div>
