  <div class='ocr_page' id='page_1' title='image "/cluster/home/n/w/nwhite01/storage/ocr_20150623/67/hvd.32044073505273/439.png"; bbox 0 0 3998 6194; ppageno 0'>
   <div class='ocr_carea' id='block_1_1' title="bbox 411 321 516 379">
    <p class='ocr_par' dir='ltr' id='par_1_1' title="bbox 411 321 516 379">
     <span class='ocr_line' id='line_1_1' title="bbox 411 321 516 379; baseline -0.019 0"><span class='ocrx_word' id='word_1_1' title='bbox 411 321 516 379; x_wconf 76' lang='lat'><strong>803</strong></span> 
     </span>
    </p>
   </div>
   <div class='ocr_carea' id='block_1_2' title="bbox 1510 303 2607 367">
    <p class='ocr_par' dir='ltr' id='par_1_2' title="bbox 1510 303 2607 367">
     <span class='ocr_line' id='line_1_2' title="bbox 1510 303 2607 367; baseline -0.007 0"><span class='ocrx_word' id='word_1_2' title='bbox 1510 309 1801 367; x_wconf 70' lang='lat' dir='ltr'><strong>FACUNDI</strong></span> <span class='ocrx_word' id='word_1_3' title='bbox 1846 307 2063 365; x_wconf 80' lang='lat' dir='ltr'><strong>EPISC.</strong></span> <span class='ocrx_word' id='word_1_4' title='bbox 2106 303 2607 363; x_wconf 74' lang='lat' dir='ltr'><strong>HERMIANENSIS</strong></span> 
     </span>
    </p>
   </div>
   <div class='ocr_carea' id='block_1_3' title="bbox 3592 303 3695 359">
    <p class='ocr_par' dir='ltr' id='par_1_3' title="bbox 3592 303 3695 359">
     <span class='ocr_line' id='line_1_3' title="bbox 3592 303 3695 359; baseline 0 -1"><span class='ocrx_word' id='word_1_5' title='bbox 3592 303 3695 359; x_wconf 59' lang='lat'><strong>86‘</strong></span> 
     </span>
    </p>
   </div>
   <div class='ocr_carea' id='block_1_4' title="bbox 416 408 3696 500">
    <p class='ocr_par' dir='ltr' id='par_1_4' title="bbox 416 408 3696 500">
     <span class='ocr_line' id='line_1_4' title="bbox 416 408 3696 500; baseline -0.007 -9"><span class='ocrx_word' id='word_1_6' title='bbox 416 450 498 493; x_wconf 88' lang='lat' dir='ltr'><strong>tes</strong></span> <span class='ocrx_word' id='word_1_7' title='bbox 529 436 722 500; x_wconf 78' lang='lat' dir='ltr'><strong>nostri,</strong></span> <span class='ocrx_word' id='word_1_8' title='bbox 751 442 806 487; x_wconf 89' lang='lat' dir='ltr'><strong>et</strong></span> <span class='ocrx_word' id='word_1_9' title='bbox 835 432 984 487; x_wconf 85' lang='lat' dir='ltr'><strong>multi</strong></span> <span class='ocrx_word' id='word_1_10' title='bbox 1016 430 1106 484; x_wconf 85' lang='lat' dir='ltr'><strong>filii</strong></span> <span class='ocrx_word' id='word_1_11' title='bbox 1143 427 1399 483; x_wconf 78' lang='lat' dir='ltr'><strong>Ecclesizc</strong></span> <span class='ocrx_word' id='word_1_12' title='bbox 1426 423 1743 485; x_wconf 70' lang='lat' dir='ltr'><strong>Christiani,</strong></span> <span class='ocrx_word' id='word_1_13' title='bbox 1771 438 1799 475; x_wconf 91' lang='lat' dir='ltr'><strong>a</strong></span> <span class='ocrx_word' id='word_1_14' title='bbox 1831 431 1919 475; x_wconf 90' lang='lat' dir='ltr'><strong>tua</strong></span> <span class='ocrx_word' id='word_1_15' title='bbox 1949 434 2009 473; x_wconf 90' lang='lat' dir='ltr'><strong>se</strong></span> <span class='ocrx_word' id='word_1_16' title='bbox 2039 422 2086 482; x_wconf 81' lang='grc' dir='ltr'>Α</span> <span class='ocrx_word' id='word_1_17' title='bbox 2114 430 2276 486; x_wconf 85' lang='lat' dir='ltr'><strong>atque</strong></span> <span class='ocrx_word' id='word_1_18' title='bbox 2317 415 2384 469; x_wconf 88' lang='lat' dir='ltr'><strong>ad</strong></span> <span class='ocrx_word' id='word_1_19' title='bbox 2414 431 2514 469; x_wconf 89' lang='lat' dir='ltr'><strong>nos</strong></span> <span class='ocrx_word' id='word_1_20' title='bbox 2545 412 2852 466; x_wconf 86' lang='lat' dir='ltr'><strong>intaminata</strong></span> <span class='ocrx_word' id='word_1_21' title='bbox 2885 410 3160 479; x_wconf 87' lang='lat' dir='ltr'><strong>pervenit;</strong></span> <span class='ocrx_word' id='word_1_22' title='bbox 3191 410 3234 464; x_wconf 86' lang='lat' dir='ltr'><strong>si</strong></span> <span class='ocrx_word' id='word_1_23' title='bbox 3265 408 3513 479; x_wconf 76' lang='lat' dir='ltr'><strong>displicet</strong></span> <span class='ocrx_word' id='word_1_24' title='bbox 3537 413 3696 468; x_wconf 83' lang='lat' dir='ltr'><strong>etiam</strong></span> 
     </span>
    </p>
   </div>
   <div class='ocr_carea' id='block_1_5' title="bbox 418 514 2007 582">
    <p class='ocr_par' dir='ltr' id='par_1_5' title="bbox 418 514 2007 582">
     <span class='ocr_line' id='line_1_5' title="bbox 418 514 2007 582; baseline -0.013 0"><span class='ocrx_word' id='word_1_25' title='bbox 418 528 765 582; x_wconf 79' lang='lat' dir='ltr'><strong>nihilominus</strong></span> <span class='ocrx_word' id='word_1_26' title='bbox 799 522 1177 577; x_wconf 78' lang='lat' dir='ltr'><strong>communione</strong></span> <span class='ocrx_word' id='word_1_27' title='bbox 1216 517 1613 579; x_wconf 75' lang='lat' dir='ltr'><strong>sulttraxerint;</strong></span> <span class='ocrx_word' id='word_1_28' title='bbox 1641 524 1696 568; x_wconf 90' lang='lat' dir='ltr'><strong>et</strong></span> <span class='ocrx_word' id='word_1_29' title='bbox 1724 514 1848 565; x_wconf 87' lang='lat' dir='ltr'><strong>dum</strong></span> <span class='ocrx_word' id='word_1_30' title='bbox 1880 525 2007 564; x_wconf 86' lang='lat' dir='ltr'><strong>catt-</strong></span> 
     </span>
    </p>
   </div>
   <div class='ocr_carea' id='block_1_6' title="bbox 416 607 2007 686">
    <p class='ocr_par' dir='ltr' id='par_1_6' title="bbox 416 607 2007 686">
     <span class='ocr_line' id='line_1_6' title="bbox 416 607 2007 686; baseline -0.011 -11"><span class='ocrx_word' id='word_1_31' title='bbox 416 637 503 675; x_wconf 88' lang='lat' dir='ltr'><strong>sas</strong></span> <span class='ocrx_word' id='word_1_32' title='bbox 545 619 715 673; x_wconf 77' lang='lat' dir='ltr'><strong>exorti</strong></span> <span class='ocrx_word' id='word_1_33' title='bbox 761 630 1125 686; x_wconf 64' lang='lat' dir='ltr'><strong>qumreretttus</strong></span> <span class='ocrx_word' id='word_1_34' title='bbox 1166 612 1425 673; x_wconf 82' lang='lat' dir='ltr'><strong>scandalt,</strong></span> <span class='ocrx_word' id='word_1_35' title='bbox 1460 621 1584 663; x_wconf 67' lang='lat' dir='ltr'><strong>ante.</strong></span> <span class='ocrx_word' id='word_1_36' title='bbox 1627 610 1711 661; x_wconf 87' lang='lat' dir='ltr'><strong>die</strong></span> <span class='ocrx_word' id='word_1_37' title='bbox 1739 622 1800 661; x_wconf 89' lang='lat' dir='ltr'><strong>us</strong></span> <span class='ocrx_word' id='word_1_38' title='bbox 1843 607 2007 661; x_wconf 82' lang='lat' dir='ltr'><strong>frater</strong></span> 
     </span>
    </p>
   </div>
   <div class='ocr_carea' id='block_1_7' title="bbox 415 699 2010 779">
    <p class='ocr_par' dir='ltr' id='par_1_7' title="bbox 415 699 2010 779">
     <span class='ocr_line' id='line_1_7' title="bbox 415 699 2010 779; baseline -0.009 -12"><span class='ocrx_word' id='word_1_39' title='bbox 415 724 465 767; x_wconf 85' lang='lat' dir='ltr'><strong>et</strong></span> <span class='ocrx_word' id='word_1_40' title='bbox 494 712 843 779; x_wconf 84' lang='lat' dir='ltr'><strong>coepiscoan</strong></span> <span class='ocrx_word' id='word_1_41' title='bbox 868 716 1051 761; x_wconf 85' lang='lat' dir='ltr'><strong>noster</strong></span> <span class='ocrx_word' id='word_1_42' title='bbox 1081 704 1312 773; x_wconf 79' lang='lat' dir='ltr'><strong>re-pond</strong></span> <span class='ocrx_word' id='word_1_43' title='bbox 1340 714 1357 755; x_wconf 92' lang='lat' dir='ltr'><strong>t</strong></span> <span class='ocrx_word' id='word_1_44' title='bbox 1402 703 1502 755; x_wconf 85' lang='lat' dir='ltr'><strong>Loe</strong></span> <span class='ocrx_word' id='word_1_45' title='bbox 1527 699 1877 755; x_wconf 81' lang='lat' dir='ltr'><strong>frateznitatis</strong></span> <span class='ocrx_word' id='word_1_46' title='bbox 1905 710 2010 752; x_wconf 71' lang='lat' dir='ltr'><strong>tua:</strong></span> 
     </span>
    </p>
   </div>
   <div class='ocr_carea' id='block_1_8' title="bbox 420 794 2008 866">
    <p class='ocr_par' dir='ltr' id='par_1_8' title="bbox 420 794 2008 866">
     <span class='ocr_line' id='line_1_8' title="bbox 420 794 2008 866; baseline -0.009 -11"><span class='ocrx_word' id='word_1_47' title='bbox 420 802 607 856; x_wconf 76' lang='lat' dir='ltr'><strong>fecisse</strong></span> <span class='ocrx_word' id='word_1_48' title='bbox 646 813 951 866; x_wconf 90' lang='lat' dir='ltr'><strong>personant,</strong></span> <span class='ocrx_word' id='word_1_49' title='bbox 985 795 1126 865; x_wconf 80' lang='lat' dir='ltr'><strong>quod</strong></span> <span class='ocrx_word' id='word_1_50' title='bbox 1158 811 1186 847; x_wconf 91' lang='lat' dir='ltr'><strong>a</strong></span> <span class='ocrx_word' id='word_1_51' title='bbox 1218 795 1361 849; x_wconf 82' lang='lat' dir='ltr'><strong>nullo</strong></span> <span class='ocrx_word' id='word_1_52' title='bbox 1406 794 1754 846; x_wconf 78' lang='lat' dir='ltr'><strong>deces~orttm</strong></span> <span class='ocrx_word' id='word_1_53' title='bbox 1796 800 2008 842; x_wconf 85' lang='lat' dir='ltr'><strong>tuorum</strong></span> 
     </span>
    </p>
   </div>
   <div class='ocr_carea' id='block_1_9' title="bbox 417 880 2010 957">
    <p class='ocr_par' dir='ltr' id='par_1_9' title="bbox 417 880 2010 957">
     <span class='ocr_line' id='line_1_9' title="bbox 417 880 2010 957; baseline -0.008 -11"><span class='ocrx_word' id='word_1_54' title='bbox 417 890 872 957; x_wconf 81' lang='lat' dir='ltr'><strong>decessorumque</strong></span> <span class='ocrx_word' id='word_1_55' title='bbox 910 896 1213 941; x_wconf 65' lang='lat' dir='ltr'><strong>nostrorum</strong></span> <span class='ocrx_word' id='word_1_56' title='bbox 1255 884 1590 952; x_wconf 86' lang='lat' dir='ltr'><strong>temporibus</strong></span> <span class='ocrx_word' id='word_1_57' title='bbox 1616 881 1854 951; x_wconf 80' lang='lat' dir='ltr'><strong>qualibet</strong></span> <span class='ocrx_word' id='word_1_58' title='bbox 1879 880 2010 934; x_wconf 84' lang='lat' dir='ltr'><strong>fuis-</strong></span> 
     </span>
    </p>
   </div>
   <div class='ocr_carea' id='block_1_10' title="bbox 419 972 2013 1044">
    <p class='ocr_par' dir='ltr' id='par_1_10' title="bbox 419 972 2013 1044">
     <span class='ocr_line' id='line_1_10' title="bbox 419 972 2013 1044; baseline -0.006 -7"><span class='ocrx_word' id='word_1_59' title='bbox 419 982 732 1038; x_wconf 84' lang='lat' dir='ltr'><strong>setratione</strong></span> <span class='ocrx_word' id='word_1_60' title='bbox 759 980 1129 1036; x_wconf 87' lang='lat' dir='ltr'><strong>commissum.</strong></span> <span class='ocrx_word' id='word_1_61' title='bbox 1169 997 1189 1031; x_wconf 74' lang='lat' dir='ltr'><strong>t</strong></span> <span class='ocrx_word' id='word_1_62' title='bbox 1221 978 1410 1032; x_wconf 83' lang='lat' dir='ltr'><strong>Cernis</strong></span> <span class='ocrx_word' id='word_1_63' title='bbox 1441 976 1580 1044; x_wconf 89' lang='lat' dir='ltr'><strong>quod</strong></span> <span class='ocrx_word' id='word_1_64' title='bbox 1612 989 1717 1028; x_wconf 92' lang='lat' dir='ltr'><strong>non</strong></span> <span class='ocrx_word' id='word_1_65' title='bbox 1749 974 1895 1029; x_wconf 82' lang='lat' dir='ltr'><strong>solus</strong></span> <span class='ocrx_word' id='word_1_66' title='bbox 1928 972 2013 1027; x_wconf 92' lang='lat' dir='ltr'><strong>hic</strong></span> 
     </span>
    </p>
   </div>
   <div class='ocr_carea' id='block_1_11' title="bbox 419 1065 2015 1144">
    <p class='ocr_par' dir='ltr' id='par_1_11' title="bbox 419 1065 2015 1144">
     <span class='ocr_line' id='line_1_11' title="bbox 419 1065 2015 1144; baseline -0.006 -18"><span class='ocrx_word' id='word_1_67' title='bbox 419 1073 579 1144; x_wconf 79' lang='lat' dir='ltr'><strong>judex</strong></span> <span class='ocrx_word' id='word_1_68' title='bbox 622 1072 842 1141; x_wconf 85' lang='lat' dir='ltr'><strong>ejusque</strong></span> <span class='ocrx_word' id='word_1_69' title='bbox 886 1072 1145 1125; x_wconf 88' lang='lat' dir='ltr'><strong>diaconus</strong></span> <span class='ocrx_word' id='word_1_70' title='bbox 1194 1072 1234 1134; x_wconf 85' lang='grc'>¹,</span> <span class='ocrx_word' id='word_1_71' title='bbox 1288 1067 1381 1122; x_wconf 89' lang='lat' dir='ltr'><strong>sed</strong></span> <span class='ocrx_word' id='word_1_72' title='bbox 1434 1067 1719 1123; x_wconf 71' lang='lat' dir='ltr'><strong>et‘Datius</strong></span> <span class='ocrx_word' id='word_1_73' title='bbox 1765 1065 2015 1120; x_wconf 70' lang='lat' dir='ltr'><strong>Mediola-</strong></span> 
     </span>
    </p>
   </div>
   <div class='ocr_carea' id='block_1_12' title="bbox 422 1157 2012 1232">
    <p class='ocr_par' dir='ltr' id='par_1_12' title="bbox 422 1157 2012 1232">
     <span class='ocr_line' id='line_1_12' title="bbox 422 1157 2012 1232; baseline -0.006 -14"><span class='ocrx_word' id='word_1_74' title='bbox 422 1164 603 1218; x_wconf 81' lang='lat' dir='ltr'><strong>nensis</strong></span> <span class='ocrx_word' id='word_1_75' title='bbox 647 1163 966 1232; x_wconf 87' lang='lat' dir='ltr'><strong>episcopus,</strong></span> <span class='ocrx_word' id='word_1_76' title='bbox 1022 1175 1145 1216; x_wconf 90' lang='lat' dir='ltr'><strong>eum</strong></span> <span class='ocrx_word' id='word_1_77' title='bbox 1204 1161 1325 1214; x_wconf 85' lang='lat' dir='ltr'><strong>aliis</strong></span> <span class='ocrx_word' id='word_1_78' title='bbox 1375 1158 1783 1224; x_wconf 77' lang='lat' dir='ltr'><strong>sacerdotibus,</strong></span> <span class='ocrx_word' id='word_1_79' title='bbox 1829 1157 2012 1211; x_wconf 85' lang='lat' dir='ltr'><strong>talium</strong></span> 
     </span>
    </p>
   </div>
   <div class='ocr_carea' id='block_1_13' title="bbox 423 1248 2014 1323">
    <p class='ocr_par' dir='ltr' id='par_1_13' title="bbox 423 1248 2014 1323">
     <span class='ocr_line' id='line_1_13' title="bbox 423 1248 2014 1323; baseline -0.002 -18"><span class='ocrx_word' id='word_1_80' title='bbox 423 1255 895 1323; x_wconf 74' lang='lat' dir='ltr'><strong>prmvaricatorttm</strong></span> <span class='ocrx_word' id='word_1_81' title='bbox 937 1251 1372 1306; x_wconf 80' lang='lat' dir='ltr'><strong>cotttmttnionetn</strong></span> <span class='ocrx_word' id='word_1_82' title='bbox 1421 1248 1695 1305; x_wconf 77' lang='lat' dir='ltr'><strong>ferendam</strong></span> <span class='ocrx_word' id='word_1_83' title='bbox 1740 1263 1863 1303; x_wconf 89' lang='lat' dir='ltr'><strong>esse</strong></span> <span class='ocrx_word' id='word_1_84' title='bbox 1907 1263 2014 1301; x_wconf 87' lang='lat' dir='ltr'><strong>non</strong></span> 
     </span>
    </p>
   </div>
   <div class='ocr_carea' id='block_1_14' title="bbox 421 1339 2016 1414">
    <p class='ocr_par' dir='ltr' id='par_1_14' title="bbox 421 1339 2016 1414">
     <span class='ocr_line' id='line_1_14' title="bbox 421 1339 2016 1414; baseline -0.006 -13"><span class='ocrx_word' id='word_1_85' title='bbox 421 1347 670 1401; x_wconf 77' lang='lat' dir='ltr'><strong>duxerit?</strong></span> <span class='ocrx_word' id='word_1_86' title='bbox 713 1346 848 1413; x_wconf 85' lang='lat' dir='ltr'><strong>Quid</strong></span> <span class='ocrx_word' id='word_1_87' title='bbox 897 1346 1057 1414; x_wconf 37' lang='lat' dir='ltr'><strong>igitur</strong></span> <span class='ocrx_word' id='word_1_88' title='bbox 1106 1346 1279 1399; x_wconf 86' lang='lat' dir='ltr'><strong>adhuc</strong></span> <span class='ocrx_word' id='word_1_89' title='bbox 1330 1343 1486 1397; x_wconf 87' lang='lat' dir='ltr'><strong>nobis</strong></span> <span class='ocrx_word' id='word_1_90' title='bbox 1528 1342 1595 1396; x_wconf 87' lang='lat' dir='ltr'><strong>de</strong></span> <span class='ocrx_word' id='word_1_91' title='bbox 1643 1342 1744 1396; x_wconf 89' lang='lat' dir='ltr'><strong>hoc</strong></span> <span class='ocrx_word' id='word_1_92' title='bbox 1790 1339 2016 1409; x_wconf 61' lang='lat' dir='ltr'><strong>quxstio</strong></span> 
     </span>
    </p>
   </div>
   <div class='ocr_carea' id='block_1_15' title="bbox 422 1430 2014 1500">
    <p class='ocr_par' dir='ltr' id='par_1_15' title="bbox 422 1430 2014 1500">
     <span class='ocr_line' id='line_1_15' title="bbox 422 1430 2014 1500; baseline -0.007 -6"><span class='ocrx_word' id='word_1_93' title='bbox 422 1448 813 1500; x_wconf 85' lang='lat' dir='ltr'><strong>commovetur,</strong></span> <span class='ocrx_word' id='word_1_94' title='bbox 844 1438 980 1489; x_wconf 86' lang='lat' dir='ltr'><strong>unde</strong></span> <span class='ocrx_word' id='word_1_95' title='bbox 1012 1452 1113 1490; x_wconf 89' lang='lat' dir='ltr'><strong>nec</strong></span> <span class='ocrx_word' id='word_1_96' title='bbox 1144 1437 1281 1489; x_wconf 88' lang='lat' dir='ltr'><strong>inter</strong></span> <span class='ocrx_word' id='word_1_97' title='bbox 1314 1434 1749 1490; x_wconf 86' lang='lat' dir='ltr'><strong>contradicentes</strong></span> <span class='ocrx_word' id='word_1_98' title='bbox 1788 1430 2014 1486; x_wconf 82' lang='lat' dir='ltr'><strong>invicem</strong></span> 
     </span>
    </p>
   </div>
   <div class='ocr_carea' id='block_1_16' title="bbox 424 1521 2015 1591">
    <p class='ocr_par' dir='ltr' id='par_1_16' title="bbox 424 1521 2015 1591">
     <span class='ocr_line' id='line_1_16' title="bbox 424 1521 2015 1591; baseline -0.005 -8"><span class='ocrx_word' id='word_1_99' title='bbox 424 1532 529 1584; x_wconf 87' lang='lat' dir='ltr'><strong>ulla</strong></span> <span class='ocrx_word' id='word_1_100' title='bbox 584 1538 669 1584; x_wconf 86' lang='lat' dir='ltr'><strong>est</strong></span> <span class='ocrx_word' id='word_1_101' title='bbox 726 1528 1118 1591; x_wconf 63' lang='lat' dir='ltr'><strong>contradictio,</strong></span> <span class='ocrx_word' id='word_1_102' title='bbox 1180 1541 1279 1581; x_wconf 89' lang='lat' dir='ltr'><strong>nec</strong></span> <span class='ocrx_word' id='word_1_103' title='bbox 1333 1527 1472 1580; x_wconf 91' lang='lat' dir='ltr'><strong>inter</strong></span> <span class='ocrx_word' id='word_1_104' title='bbox 1525 1524 1910 1580; x_wconf 79' lang='lat' dir='ltr'><strong>dissentientes</strong></span> <span class='ocrx_word' id='word_1_105' title='bbox 1962 1521 2015 1575; x_wconf 92' lang='lat' dir='ltr'><strong>in</strong></span> 
     </span>
    </p>
   </div>
   <div class='ocr_carea' id='block_1_17' title="bbox 424 1613 2020 1685">
    <p class='ocr_par' dir='ltr' id='par_1_17' title="bbox 424 1613 2020 1685">
     <span class='ocr_line' id='line_1_17' title="bbox 424 1613 2020 1685; baseline -0.005 -10"><span class='ocrx_word' id='word_1_106' title='bbox 424 1622 609 1675; x_wconf 87' lang='lat' dir='ltr'><strong>multis</strong></span> <span class='ocrx_word' id='word_1_107' title='bbox 659 1620 884 1673; x_wconf 85' lang='lat' dir='ltr'><strong>habetur</strong></span> <span class='ocrx_word' id='word_1_108' title='bbox 931 1621 1034 1671; x_wconf 87' lang='lat' dir='ltr'><strong>ulla</strong></span> <span class='ocrx_word' id='word_1_109' title='bbox 1084 1618 1383 1672; x_wconf 63' lang='lat' dir='ltr'><strong>dissensio?</strong></span> <span class='ocrx_word' id='word_1_110' title='bbox 1433 1617 1563 1671; x_wconf 85' lang='lat' dir='ltr'><strong>Nam</strong></span> <span class='ocrx_word' id='word_1_111' title='bbox 1611 1615 1775 1685; x_wconf 81' lang='lat' dir='ltr'><strong>jttdex</strong></span> <span class='ocrx_word' id='word_1_112' title='bbox 1824 1613 2020 1668; x_wconf 77' lang='lat' dir='ltr'><strong>asserit</strong></span> 
     </span>
    </p>
   </div>
   <div class='ocr_carea' id='block_1_18' title="bbox 425 1706 2013 1782">
    <p class='ocr_par' dir='ltr' id='par_1_18' title="bbox 425 1706 2013 1782">
     <span class='ocr_line' id='line_1_18' title="bbox 425 1706 2013 1782; baseline -0.006 -17"><span class='ocrx_word' id='word_1_113' title='bbox 425 1712 566 1782; x_wconf 86' lang='lat' dir='ltr'><strong>quod</strong></span> <span class='ocrx_word' id='word_1_114' title='bbox 601 1710 799 1764; x_wconf 89' lang='lat' dir='ltr'><strong>invitus</strong></span> <span class='ocrx_word' id='word_1_115' title='bbox 828 1710 951 1764; x_wconf 90' lang='lat' dir='ltr'><strong>illud</strong></span> <span class='ocrx_word' id='word_1_116' title='bbox 987 1707 1268 1777; x_wconf 73' lang='lat' dir='ltr'><strong>protulerit</strong></span> <span class='ocrx_word' id='word_1_117' title='bbox 1294 1708 1586 1777; x_wconf 87' lang='lat' dir='ltr'><strong>jttdicalunt</strong></span> <span class='ocrx_word' id='word_1_118' title='bbox 1614 1716 1662 1760; x_wconf 78' lang='grc' dir='ltr'><strong>ι.</strong></span> <span class='ocrx_word' id='word_1_119' title='bbox 1694 1706 1801 1760; x_wconf 82' lang='lat' dir='ltr'><strong>Nos</strong></span> <span class='ocrx_word' id='word_1_120' title='bbox 1829 1714 2013 1758; x_wconf 92' lang='lat' dir='ltr'><strong>contra</strong></span> 
     </span>
    </p>
   </div>
   <div class='ocr_carea' id='block_1_19' title="bbox 2110 501 3696 571">
    <p class='ocr_par' dir='ltr' id='par_1_19' title="bbox 2110 501 3696 571">
     <span class='ocr_line' id='line_1_19' title="bbox 2110 501 3696 571; baseline -0.003 -8"><span class='ocrx_word' id='word_1_121' title='bbox 2110 507 2410 563; x_wconf 73' lang='lat' dir='ltr'><strong>Sollicitudo</strong></span> <span class='ocrx_word' id='word_1_122' title='bbox 2439 514 2490 560; x_wconf 88' lang='lat' dir='ltr'><strong>et</strong></span> <span class='ocrx_word' id='word_1_123' title='bbox 2521 506 2730 559; x_wconf 80' lang='lat' dir='ltr'><strong>cautela</strong></span> <span class='ocrx_word' id='word_1_124' title='bbox 2774 504 2944 557; x_wconf 80' lang='lat' dir='ltr'><strong>sancti</strong></span> <span class='ocrx_word' id='word_1_125' title='bbox 2990 512 3147 571; x_wconf 85' lang='lat' dir='ltr'><strong>atque</strong></span> <span class='ocrx_word' id='word_1_126' title='bbox 3175 501 3469 556; x_wconf 84' lang='lat' dir='ltr'><strong>doetissimi</strong></span> <span class='ocrx_word' id='word_1_127' title='bbox 3512 504 3696 559; x_wconf 89' lang='lat' dir='ltr'><strong>ortho-</strong></span> 
     </span>
    </p>
   </div>
   <div class='ocr_carea' id='block_1_20' title="bbox 2110 593 3702 665">
    <p class='ocr_par' dir='ltr' id='par_1_20' title="bbox 2110 593 3702 665">
     <span class='ocr_line' id='line_1_20' title="bbox 2110 593 3702 665; baseline -0.001 -12"><span class='ocrx_word' id='word_1_128' title='bbox 2110 599 2231 654; x_wconf 80' lang='lat' dir='ltr'><strong>doxi</strong></span> <span class='ocrx_word' id='word_1_129' title='bbox 2266 598 2368 652; x_wconf 86' lang='lat' dir='ltr'><strong>viri</strong></span> <span class='ocrx_word' id='word_1_130' title='bbox 2405 596 2745 665; x_wconf 76' lang='lat' dir='ltr'><strong>Hieronymi;</strong></span> <span class='ocrx_word' id='word_1_131' title='bbox 2788 594 2833 648; x_wconf 92' lang='lat' dir='ltr'><strong>si</strong></span> <span class='ocrx_word' id='word_1_132' title='bbox 2866 593 3111 661; x_wconf 81' lang='lat' dir='ltr'><strong>displicet</strong></span> <span class='ocrx_word' id='word_1_133' title='bbox 3148 593 3199 647; x_wconf 89' lang='lat' dir='ltr'><strong>in</strong></span> <span class='ocrx_word' id='word_1_134' title='bbox 3245 593 3702 652; x_wconf 70' lang='lat' dir='ltr'><strong>Chalcedonensis</strong></span> 
     </span>
    </p>
   </div>
   <div class='ocr_carea' id='block_1_21' title="bbox 2111 688 3702 759">
    <p class='ocr_par' dir='ltr' id='par_1_21' title="bbox 2111 688 3702 759">
     <span class='ocr_line' id='line_1_21' title="bbox 2111 688 3702 759; baseline 0.003 -18"><span class='ocrx_word' id='word_1_135' title='bbox 2111 707 2321 759; x_wconf 85' lang='lat' dir='ltr'><strong>quoque</strong></span> <span class='ocrx_word' id='word_1_136' title='bbox 2371 690 2581 744; x_wconf 88' lang='lat' dir='ltr'><strong>concilii</strong></span> <span class='ocrx_word' id='word_1_137' title='bbox 2637 704 2796 742; x_wconf 87' lang='lat' dir='ltr'><strong>causa</strong></span> <span class='ocrx_word' id='word_1_138' title='bbox 2856 688 3051 741; x_wconf 88' lang='lat' dir='ltr'><strong>dudum</strong></span> <span class='ocrx_word' id='word_1_139' title='bbox 3118 688 3273 743; x_wconf 86' lang='lat' dir='ltr'><strong>nobis</strong></span> <span class='ocrx_word' id='word_1_140' title='bbox 3322 689 3602 757; x_wconf 72' lang='lat' dir='ltr'><strong>prtebitunt</strong></span> <span class='ocrx_word' id='word_1_141' title='bbox 3647 693 3702 746; x_wconf 90' lang='lat' dir='ltr'><strong>in</strong></span> 
     </span>
    </p>
   </div>
   <div class='ocr_carea' id='block_1_22' title="bbox 2113 782 3703 851">
    <p class='ocr_par' dir='ltr' id='par_1_22' title="bbox 2113 782 3703 851">
     <span class='ocr_line' id='line_1_22' title="bbox 2113 782 3703 851; baseline -0.001 -13"><span class='ocrx_word' id='word_1_142' title='bbox 2113 786 2309 839; x_wconf 81' lang='lat' dir='ltr'><strong>Acacio</strong></span> <span class='ocrx_word' id='word_1_143' title='bbox 2354 799 2385 836; x_wconf 89' lang='lat' dir='ltr'><strong>a</strong></span> <span class='ocrx_word' id='word_1_144' title='bbox 2437 783 2598 837; x_wconf 83' lang='lat' dir='ltr'><strong>lautis</strong></span> <span class='ocrx_word' id='word_1_145' title='bbox 2632 782 2946 851; x_wconf 82' lang='lat' dir='ltr'><strong>pra:sulihtts</strong></span> <span class='ocrx_word' id='word_1_146' title='bbox 2978 782 3288 849; x_wconf 68' lang='lat' dir='ltr'><strong>aposrolira:</strong></span> <span class='ocrx_word' id='word_1_147' title='bbox 3332 782 3477 836; x_wconf 83' lang='lat' dir='ltr'><strong>sedis</strong></span> <span class='ocrx_word' id='word_1_148' title='bbox 3521 798 3703 837; x_wconf 73' lang='lat' dir='ltr'><strong>exem-</strong></span> 
     </span>
    </p>
   </div>
   <div class='ocr_carea' id='block_1_23' title="bbox 2114 872 3706 946">
    <p class='ocr_par' dir='ltr' id='par_1_23' title="bbox 2114 872 3706 946">
     <span class='ocr_line' id='line_1_23' title="bbox 2114 872 3706 946; baseline 0.001 -17"><span class='ocrx_word' id='word_1_149' title='bbox 2114 877 2283 946; x_wconf 91' lang='lat' dir='ltr'><strong>plum,</strong></span> <span class='ocrx_word' id='word_1_150' title='bbox 2318 874 2640 931; x_wconf 79' lang='lat' dir='ltr'><strong>universalis</strong></span> <span class='ocrx_word' id='word_1_151' title='bbox 2667 874 2920 929; x_wconf 66' lang='lat' dir='ltr'><strong>Ecclesiae</strong></span> <span class='ocrx_word' id='word_1_152' title='bbox 2947 874 3303 927; x_wconf 77' lang='lat' dir='ltr'><strong>cttnsensione</strong></span> <span class='ocrx_word' id='word_1_153' title='bbox 3336 872 3633 938; x_wconf 83' lang='lat' dir='ltr'><strong>firmatum;</strong></span> <span class='ocrx_word' id='word_1_154' title='bbox 3659 879 3706 931; x_wconf 91' lang='lat' dir='ltr'><strong>si</strong></span> 
     </span>
    </p>
   </div>
   <div class='ocr_carea' id='block_1_24' title="bbox 2114 953 3705 1036">
    <p class='ocr_par' dir='ltr' id='par_1_24' title="bbox 2114 953 3705 1036">
     <span class='ocr_line' id='line_1_24' title="bbox 2114 953 3705 1036; baseline 0.002 -17"><span class='ocrx_word' id='word_1_155' title='bbox 2114 967 2361 1036; x_wconf 86' lang='lat' dir='ltr'><strong>displicet</strong></span> <span class='ocrx_word' id='word_1_156' title='bbox 2410 966 2549 1034; x_wconf 87' lang='lat' dir='ltr'><strong>quod</strong></span> <span class='ocrx_word' id='word_1_157' title='bbox 2610 966 2662 1018; x_wconf 92' lang='lat' dir='ltr'><strong>in</strong></span> <span class='ocrx_word' id='word_1_158' title='bbox 2711 953 2963 1032; x_wconf 69' lang='lat' dir='ltr'><strong>pr.’esenti</strong></span> <span class='ocrx_word' id='word_1_159' title='bbox 3012 978 3223 1034; x_wconf 85' lang='lat' dir='ltr'><strong>quoque</strong></span> <span class='ocrx_word' id='word_1_160' title='bbox 3274 963 3441 1032; x_wconf 83' lang='lat' dir='ltr'><strong>ipsius</strong></span> <span class='ocrx_word' id='word_1_161' title='bbox 3487 969 3705 1022; x_wconf 88' lang='lat' dir='ltr'><strong>concilii</strong></span> 
     </span>
    </p>
   </div>
   <div class='ocr_carea' id='block_1_25' title="bbox 2115 1054 3704 1125">
    <p class='ocr_par' dir='ltr' id='par_1_25' title="bbox 2115 1054 3704 1125">
     <span class='ocr_line' id='line_1_25' title="bbox 2115 1054 3704 1125; baseline 0.003 -15"><span class='ocrx_word' id='word_1_162' title='bbox 2115 1056 2510 1125; x_wconf 69' lang='lat' dir='ltr'><strong>oppugnatione</strong></span> <span class='ocrx_word' id='word_1_163' title='bbox 2549 1063 2851 1110; x_wconf 82' lang='lat' dir='ltr'><strong>statuerunt</strong></span> <span class='ocrx_word' id='word_1_164' title='bbox 2897 1054 3151 1109; x_wconf 82' lang='lat' dir='ltr'><strong>Altieana</strong></span> <span class='ocrx_word' id='word_1_165' title='bbox 3191 1056 3459 1122; x_wconf 87' lang='lat' dir='ltr'><strong>concilia;</strong></span> <span class='ocrx_word' id='word_1_166' title='bbox 3504 1057 3550 1111; x_wconf 88' lang='lat' dir='ltr'><strong>si</strong></span> <span class='ocrx_word' id='word_1_167' title='bbox 3594 1058 3704 1115; x_wconf 88' lang='lat' dir='ltr'><strong>dis-</strong></span> 
     </span>
    </p>
   </div>
   <div class='ocr_carea' id='block_1_26' title="bbox 2118 1146 3698 1218">
    <p class='ocr_par' dir='ltr' id='par_1_26' title="bbox 2118 1146 3698 1218">
     <span class='ocr_line' id='line_1_26' title="bbox 2118 1146 3698 1218; baseline 0.001 -17"><span class='ocrx_word' id='word_1_168' title='bbox 2118 1149 2277 1216; x_wconf 74' lang='lat' dir='ltr'><strong>plit&#39;et</strong></span> <span class='ocrx_word' id='word_1_169' title='bbox 2322 1147 2462 1217; x_wconf 87' lang='lat' dir='ltr'><strong>quod</strong></span> <span class='ocrx_word' id='word_1_170' title='bbox 2512 1147 2737 1201; x_wconf 88' lang='lat' dir='ltr'><strong>aliarum</strong></span> <span class='ocrx_word' id='word_1_171' title='bbox 2781 1161 2994 1215; x_wconf 84' lang='lat' dir='ltr'><strong>quoque</strong></span> <span class='ocrx_word' id='word_1_172' title='bbox 3042 1146 3435 1214; x_wconf 73' lang='lat' dir='ltr'><strong>provinciarum</strong></span> <span class='ocrx_word' id='word_1_173' title='bbox 3467 1148 3698 1218; x_wconf 79' lang='lat' dir='ltr'><strong>episcopi</strong></span> 
     </span>
    </p>
   </div>
   <div class='ocr_carea' id='block_1_27' title="bbox 2118 1237 3701 1307">
    <p class='ocr_par' dir='ltr' id='par_1_27' title="bbox 2118 1237 3701 1307">
     <span class='ocr_line' id='line_1_27' title="bbox 2118 1237 3701 1307; baseline 0.002 -16"><span class='ocrx_word' id='word_1_174' title='bbox 2118 1237 2424 1293; x_wconf 84' lang='lat' dir='ltr'><strong>faciendum</strong></span> <span class='ocrx_word' id='word_1_175' title='bbox 2456 1253 2579 1293; x_wconf 87' lang='lat' dir='ltr'><strong>esse</strong></span> <span class='ocrx_word' id='word_1_176' title='bbox 2605 1238 2875 1301; x_wconf 87' lang='lat' dir='ltr'><strong>viderunt,</strong></span> <span class='ocrx_word' id='word_1_177' title='bbox 2905 1237 3044 1291; x_wconf 66' lang='lat' dir='ltr'><strong>sicut</strong></span> <span class='ocrx_word' id='word_1_178' title='bbox 3074 1237 3270 1307; x_wconf 83' lang='lat' dir='ltr'><strong>Illyrici</strong></span> <span class='ocrx_word' id='word_1_179' title='bbox 3305 1247 3462 1307; x_wconf 86' lang='lat' dir='ltr'><strong>atque</strong></span> <span class='ocrx_word' id='word_1_180' title='bbox 3494 1238 3701 1293; x_wconf 61' lang='lat' dir='ltr'><strong>Daltnao</strong></span> 
     </span>
    </p>
   </div>
   <div class='ocr_carea' id='block_1_28' title="bbox 2120 1328 3703 1400">
    <p class='ocr_par' dir='ltr' id='par_1_28' title="bbox 2120 1328 3703 1400">
     <span class='ocr_line' id='line_1_28' title="bbox 2120 1328 3703 1400; baseline 0.003 -17"><span class='ocrx_word' id='word_1_181' title='bbox 2120 1331 2246 1383; x_wconf 76' lang='lat' dir='ltr'><strong>tite:</strong></span> <span class='ocrx_word' id='word_1_182' title='bbox 2280 1328 2490 1398; x_wconf 76' lang='lat' dir='ltr'><strong>placeat</strong></span> <span class='ocrx_word' id='word_1_183' title='bbox 2544 1329 2628 1383; x_wconf 89' lang='lat' dir='ltr'><strong>vel</strong></span> <span class='ocrx_word' id='word_1_184' title='bbox 2677 1329 2819 1397; x_wconf 89' lang='lat' dir='ltr'><strong>quod</strong></span> <span class='ocrx_word' id='word_1_185' title='bbox 2869 1328 2980 1395; x_wconf 83' lang='lat' dir='ltr'><strong>ipse</strong></span> <span class='ocrx_word' id='word_1_186' title='bbox 3014 1329 3252 1399; x_wconf 64' lang='lat' dir='ltr'><strong>\‘igilius,</strong></span> <span class='ocrx_word' id='word_1_187' title='bbox 3280 1329 3365 1383; x_wconf 77' lang='lat' dir='ltr'><strong>vel</strong></span> <span class='ocrx_word' id='word_1_188' title='bbox 3407 1330 3548 1399; x_wconf 88' lang='lat' dir='ltr'><strong>quod</strong></span> <span class='ocrx_word' id='word_1_189' title='bbox 3590 1332 3703 1400; x_wconf 77' lang='lat' dir='ltr'><strong>ipse</strong></span> 
     </span>
    </p>
   </div>
   <div class='ocr_carea' id='block_1_29' title="bbox 2119 1418 3701 1489">
    <p class='ocr_par' dir='ltr' id='par_1_29' title="bbox 2119 1418 3701 1489">
     <span class='ocr_line' id='line_1_29' title="bbox 2119 1418 3701 1489; baseline 0.001 -14"><span class='ocrx_word' id='word_1_190' title='bbox 2119 1419 2337 1475; x_wconf 91' lang='lat' dir='ltr'><strong>Sorcius</strong></span> <span class='ocrx_word' id='word_1_191' title='bbox 2364 1421 2555 1483; x_wconf 76' lang='lat' dir='ltr'><strong>sensit.</strong></span> <span class='ocrx_word' id='word_1_192' title='bbox 2586 1424 2727 1489; x_wconf 86' lang='lat' dir='ltr'><strong>quod</strong></span> <span class='ocrx_word' id='word_1_193' title='bbox 2760 1421 2812 1473; x_wconf 91' lang='lat' dir='ltr'><strong>in</strong></span> <span class='ocrx_word' id='word_1_194' title='bbox 2847 1418 3149 1489; x_wconf 49' lang='lat' dir='ltr'><strong>hujnsutodi</strong></span> <span class='ocrx_word' id='word_1_195' title='bbox 3180 1420 3356 1475; x_wconf 82' lang='lat' dir='ltr'><strong>causis</strong></span> <span class='ocrx_word' id='word_1_196' title='bbox 3398 1423 3701 1477; x_wconf 83' lang='lat' dir='ltr'><strong>communio</strong></span> 
     </span>
    </p>
   </div>
   <div class='ocr_carea' id='block_1_30' title="bbox 2122 1510 3705 1578">
    <p class='ocr_par' dir='ltr' id='par_1_30' title="bbox 2122 1510 3705 1578">
     <span class='ocr_line' id='line_1_30' title="bbox 2122 1510 3705 1578; baseline 0.003 -15"><span class='ocrx_word' id='word_1_197' title='bbox 2122 1510 2304 1563; x_wconf 68' lang='lat' dir='ltr'><strong>taliun</strong></span> <span class='ocrx_word' id='word_1_198' title='bbox 2350 1511 3085 1578; x_wconf 60' lang='lat' dir='ltr'><strong>prtcvaricatortnntvitanda</strong></span> <span class='ocrx_word' id='word_1_199' title='bbox 3133 1510 3222 1564; x_wconf 89' lang='lat' dir='ltr'><strong>sit.</strong></span> <span class='ocrx_word' id='word_1_200' title='bbox 3274 1510 3473 1566; x_wconf 88' lang='lat' dir='ltr'><strong>Idcirco</strong></span> <span class='ocrx_word' id='word_1_201' title='bbox 3522 1512 3705 1568; x_wconf 72' lang='lat' dir='ltr'><strong>beatus</strong></span> 
     </span>
    </p>
   </div>
   <div class='ocr_carea' id='block_1_31' title="bbox 2120 1601 3707 1671">
    <p class='ocr_par' dir='ltr' id='par_1_31' title="bbox 2120 1601 3707 1671">
     <span class='ocr_line' id='line_1_31' title="bbox 2120 1601 3707 1671; baseline 0.003 -17"><span class='ocrx_word' id='word_1_202' title='bbox 2120 1617 2333 1671; x_wconf 88' lang='lat' dir='ltr'><strong>quoque</strong></span> <span class='ocrx_word' id='word_1_203' title='bbox 2364 1602 2665 1668; x_wconf 76' lang='lat' dir='ltr'><strong>Stephanus</strong></span> <span class='ocrx_word' id='word_1_204' title='bbox 2690 1603 2881 1671; x_wconf 67' lang='lat' dir='ltr'><strong>pracsul</strong></span> <span class='ocrx_word' id='word_1_205' title='bbox 2912 1601 3220 1667; x_wconf 74' lang='lat' dir='ltr'><strong>apostolica:</strong></span> <span class='ocrx_word' id='word_1_206' title='bbox 3244 1602 3407 1665; x_wconf 86' lang='lat' dir='ltr'><strong>sedis,</strong></span> <span class='ocrx_word' id='word_1_207' title='bbox 3435 1618 3554 1659; x_wconf 83' lang='lat' dir='ltr'><strong>cum</strong></span> <span class='ocrx_word' id='word_1_208' title='bbox 3582 1619 3707 1659; x_wconf 86' lang='lat' dir='ltr'><strong>san-</strong></span> 
     </span>
    </p>
   </div>
   <div class='ocr_carea' id='block_1_32' title="bbox 2123 1692 3709 1763">
    <p class='ocr_par' dir='ltr' id='par_1_32' title="bbox 2123 1692 3709 1763">
     <span class='ocr_line' id='line_1_32' title="bbox 2123 1692 3709 1763; baseline 0.001 -16"><span class='ocrx_word' id='word_1_209' title='bbox 2123 1704 2263 1747; x_wconf 83' lang='lat' dir='ltr'><strong>ettttn</strong></span> <span class='ocrx_word' id='word_1_210' title='bbox 2312 1692 2635 1762; x_wconf 87' lang='lat' dir='ltr'><strong>Cyprianum</strong></span> <span class='ocrx_word' id='word_1_211' title='bbox 2682 1702 2842 1761; x_wconf 84' lang='lat' dir='ltr'><strong>atque</strong></span> <span class='ocrx_word' id='word_1_212' title='bbox 2890 1694 3037 1748; x_wconf 87' lang='lat' dir='ltr'><strong>alios</strong></span> <span class='ocrx_word' id='word_1_213' title='bbox 3079 1695 3239 1748; x_wconf 78' lang='lat' dir='ltr'><strong>Afros</strong></span> <span class='ocrx_word' id='word_1_214' title='bbox 3293 1696 3588 1763; x_wconf 84' lang='lat' dir='ltr'><strong>episcopos,</strong></span> <span class='ocrx_word' id='word_1_215' title='bbox 3640 1696 3709 1751; x_wconf 85' lang='lat' dir='ltr'><strong>do</strong></span> 
     </span>
    </p>
   </div>
   <div class='ocr_carea' id='block_1_33' title="bbox 429 1786 3714 1870">
    <p class='ocr_par' dir='ltr' id='par_1_33' title="bbox 429 1786 3714 1870">
     <span class='ocr_line' id='line_1_33' title="bbox 429 1786 3714 1870; baseline -0.005 -14"><span class='ocrx_word' id='word_1_216' title='bbox 429 1802 819 1870; x_wconf 67' lang='lat' dir='ltr'><strong>re~|toudrmus</strong></span> <span class='ocrx_word' id='word_1_217' title='bbox 876 1801 1015 1870; x_wconf 90' lang='lat' dir='ltr'><strong>quod</strong></span> <span class='ocrx_word' id='word_1_218' title='bbox 1059 1799 1201 1854; x_wconf 76' lang='lat' dir='ltr'><strong>ultra</strong></span> <span class='ocrx_word' id='word_1_219' title='bbox 1245 1814 1340 1869; x_wconf 86' lang='lat' dir='ltr'><strong>per</strong></span> <span class='ocrx_word' id='word_1_220' title='bbox 1376 1799 1721 1853; x_wconf 84' lang='lat' dir='ltr'><strong>ambitionem</strong></span> <span class='ocrx_word' id='word_1_221' title='bbox 1758 1797 2019 1864; x_wconf 79' lang='lat' dir='ltr'><strong>pollicita-</strong></span> <span class='ocrx_word' id='word_1_222' title='bbox 2052 1797 2094 1855; x_wconf 77' lang='grc' dir='ltr'><strong>Β</strong></span> <span class='ocrx_word' id='word_1_223' title='bbox 2124 1786 2457 1854; x_wconf 77' lang='lat' dir='ltr'><strong>baptizandis</strong></span> <span class='ocrx_word' id='word_1_224' title='bbox 2494 1787 2743 1840; x_wconf 85' lang='lat' dir='ltr'><strong>omnibus</strong></span> <span class='ocrx_word' id='word_1_225' title='bbox 2773 1786 3038 1841; x_wconf 83' lang='lat' dir='ltr'><strong>haereticis</strong></span> <span class='ocrx_word' id='word_1_226' title='bbox 3078 1786 3383 1841; x_wconf 81' lang='lat' dir='ltr'><strong>decrevisse</strong></span> <span class='ocrx_word' id='word_1_227' title='bbox 3419 1802 3714 1856; x_wconf 52' lang='lat' dir='ltr'><strong>cogttoscen</strong></span> 
     </span>
    </p>
   </div>
   <div class='ocr_carea' id='block_1_34' title="bbox 430 1889 2016 1960">
    <p class='ocr_par' dir='ltr' id='par_1_34' title="bbox 430 1889 2016 1960">
     <span class='ocr_line' id='line_1_34' title="bbox 430 1889 2016 1960; baseline -0.005 -15"><span class='ocrx_word' id='word_1_228' title='bbox 430 1896 575 1947; x_wconf 82' lang='lat' dir='ltr'><strong>tione</strong></span> <span class='ocrx_word' id='word_1_229' title='bbox 606 1893 742 1946; x_wconf 83' lang='lat' dir='ltr'><strong>facta</strong></span> <span class='ocrx_word' id='word_1_230' title='bbox 772 1893 1094 1960; x_wconf 76' lang='lat' dir='ltr'><strong>peccaverit,</strong></span> <span class='ocrx_word' id='word_1_231' title='bbox 1123 1905 1223 1945; x_wconf 90' lang='lat' dir='ltr'><strong>nec</strong></span> <span class='ocrx_word' id='word_1_232' title='bbox 1256 1890 1363 1945; x_wconf 90' lang='lat' dir='ltr'><strong>ulla</strong></span> <span class='ocrx_word' id='word_1_233' title='bbox 1392 1889 1703 1943; x_wconf 66' lang='lat' dir='ltr'><strong>sustinuerit</strong></span> <span class='ocrx_word' id='word_1_234' title='bbox 1726 1895 2016 1949; x_wconf 71' lang='lat' dir='ltr'><strong>tormenta,</strong></span> 
     </span>
    </p>
   </div>
   <div class='ocr_carea' id='block_1_35' title="bbox 432 1977 2022 2052">
    <p class='ocr_par' dir='ltr' id='par_1_35' title="bbox 432 1977 2022 2052">
     <span class='ocr_line' id='line_1_35' title="bbox 432 1977 2022 2052; baseline -0.002 -20"><span class='ocrx_word' id='word_1_235' title='bbox 432 1985 624 2052; x_wconf 83' lang='lat' dir='ltr'><strong>quibus</strong></span> <span class='ocrx_word' id='word_1_236' title='bbox 651 1982 882 2038; x_wconf 90' lang='lat' dir='ltr'><strong>cessisse</strong></span> <span class='ocrx_word' id='word_1_237' title='bbox 911 1982 1184 2037; x_wconf 89' lang='lat' dir='ltr'><strong>credatur.</strong></span> <span class='ocrx_word' id='word_1_238' title='bbox 1209 1983 1457 2049; x_wconf 87' lang='lat' dir='ltr'><strong>Cumque</strong></span> <span class='ocrx_word' id='word_1_239' title='bbox 1479 1980 1580 2034; x_wconf 92' lang='lat' dir='ltr'><strong>hoc</strong></span> <span class='ocrx_word' id='word_1_240' title='bbox 1610 1978 1832 2032; x_wconf 88' lang='lat' dir='ltr'><strong>invitum</strong></span> <span class='ocrx_word' id='word_1_241' title='bbox 1857 1992 1915 2031; x_wconf 86' lang='lat' dir='ltr'><strong>se</strong></span> <span class='ocrx_word' id='word_1_242' title='bbox 1947 1977 2022 2030; x_wconf 87' lang='lat' dir='ltr'><strong>fe-</strong></span> 
     </span>
    </p>
   </div>
   <div class='ocr_carea' id='block_1_36' title="bbox 435 2068 2023 2142">
    <p class='ocr_par' dir='ltr' id='par_1_36' title="bbox 435 2068 2023 2142">
     <span class='ocr_line' id='line_1_36' title="bbox 435 2068 2023 2142; baseline -0.004 -13"><span class='ocrx_word' id='word_1_243' title='bbox 435 2079 577 2130; x_wconf 88' lang='lat' dir='ltr'><strong>cisse</strong></span> <span class='ocrx_word' id='word_1_244' title='bbox 606 2085 833 2138; x_wconf 81' lang='lat' dir='ltr'><strong>asserat,</strong></span> <span class='ocrx_word' id='word_1_245' title='bbox 864 2089 1052 2129; x_wconf 83' lang='lat' dir='ltr'><strong>rursus</strong></span> <span class='ocrx_word' id='word_1_246' title='bbox 1080 2072 1278 2128; x_wconf 88' lang='lat' dir='ltr'><strong>ibidem</strong></span> <span class='ocrx_word' id='word_1_247' title='bbox 1310 2072 1441 2127; x_wconf 88' lang='lat' dir='ltr'><strong>dicit</strong></span> <span class='ocrx_word' id='word_1_248' title='bbox 1484 2071 1625 2142; x_wconf 89' lang='lat' dir='ltr'><strong>quod</strong></span> <span class='ocrx_word' id='word_1_249' title='bbox 1658 2071 1908 2140; x_wconf 77' lang='lat' dir='ltr'><strong>ignorans</strong></span> <span class='ocrx_word' id='word_1_250' title='bbox 1948 2068 2023 2122; x_wconf 81' lang='lat' dir='ltr'><strong>fe-</strong></span> 
     </span>
    </p>
   </div>
   <div class='ocr_carea' id='block_1_37' title="bbox 436 2164 2023 2236">
    <p class='ocr_par' dir='ltr' id='par_1_37' title="bbox 436 2164 2023 2236">
     <span class='ocr_line' id='line_1_37' title="bbox 436 2164 2023 2236; baseline -0.003 -15"><span class='ocrx_word' id='word_1_251' title='bbox 436 2169 592 2223; x_wconf 80' lang='lat' dir='ltr'><strong>cerit.</strong></span> <span class='ocrx_word' id='word_1_252' title='bbox 624 2168 729 2221; x_wconf 89' lang='lat' dir='ltr'><strong>Nos</strong></span> <span class='ocrx_word' id='word_1_253' title='bbox 754 2172 880 2222; x_wconf 87' lang='lat' dir='ltr'><strong>vero</strong></span> <span class='ocrx_word' id='word_1_254' title='bbox 904 2167 1189 2236; x_wconf 85' lang='lat' dir='ltr'><strong>probamus</strong></span> <span class='ocrx_word' id='word_1_255' title='bbox 1220 2182 1324 2220; x_wconf 90' lang='lat' dir='ltr'><strong>non</strong></span> <span class='ocrx_word' id='word_1_256' title='bbox 1356 2182 1480 2220; x_wconf 86' lang='lat' dir='ltr'><strong>eum</strong></span> <span class='ocrx_word' id='word_1_257' title='bbox 1507 2164 1745 2234; x_wconf 89' lang='lat' dir='ltr'><strong>potuisse</strong></span> <span class='ocrx_word' id='word_1_258' title='bbox 1775 2164 2023 2233; x_wconf 86' lang='lat' dir='ltr'><strong>ignoran-</strong></span> 
     </span>
    </p>
   </div>
   <div class='ocr_carea' id='block_1_38' title="bbox 434 2254 2025 2327">
    <p class='ocr_par' dir='ltr' id='par_1_38' title="bbox 434 2254 2025 2327">
     <span class='ocr_line' id='line_1_38' title="bbox 434 2254 2025 2327; baseline -0.001 -18"><span class='ocrx_word' id='word_1_259' title='bbox 434 2272 540 2310; x_wconf 77' lang='lat' dir='ltr'><strong>tem</strong></span> <span class='ocrx_word' id='word_1_260' title='bbox 578 2257 773 2323; x_wconf 77' lang='lat' dir='ltr'><strong>facere,</strong></span> <span class='ocrx_word' id='word_1_261' title='bbox 812 2257 953 2327; x_wconf 90' lang='lat' dir='ltr'><strong>quod</strong></span> <span class='ocrx_word' id='word_1_262' title='bbox 984 2257 1207 2311; x_wconf 87' lang='lat' dir='ltr'><strong>invitum</strong></span> <span class='ocrx_word' id='word_1_263' title='bbox 1246 2272 1305 2311; x_wconf 90' lang='lat' dir='ltr'><strong>se</strong></span> <span class='ocrx_word' id='word_1_264' title='bbox 1332 2258 1524 2311; x_wconf 85' lang='lat' dir='ltr'><strong>asserit</strong></span> <span class='ocrx_word' id='word_1_265' title='bbox 1552 2255 1853 2310; x_wconf 85' lang='lat' dir='ltr'><strong>admisisse.</strong></span> <span class='ocrx_word' id='word_1_266' title='bbox 1900 2254 2025 2307; x_wconf 84' lang='lat' dir='ltr'><strong>Post</strong></span> 
     </span>
    </p>
   </div>
   <div class='ocr_carea' id='block_1_39' title="bbox 437 2347 2024 2420">
    <p class='ocr_par' dir='ltr' id='par_1_39' title="bbox 437 2347 2024 2420">
     <span class='ocr_line' id='line_1_39' title="bbox 437 2347 2024 2420; baseline 0.001 -19"><span class='ocrx_word' id='word_1_267' title='bbox 437 2352 547 2403; x_wconf 83' lang='lat' dir='ltr'><strong>htec</strong></span> <span class='ocrx_word' id='word_1_268' title='bbox 578 2352 738 2405; x_wconf 88' lang='lat' dir='ltr'><strong>etiam</strong></span> <span class='ocrx_word' id='word_1_269' title='bbox 770 2351 939 2405; x_wconf 83' lang='lat' dir='ltr'><strong>videri</strong></span> <span class='ocrx_word' id='word_1_270' title='bbox 984 2350 1092 2404; x_wconf 87' lang='lat' dir='ltr'><strong>vult</strong></span> <span class='ocrx_word' id='word_1_271' title='bbox 1141 2350 1269 2405; x_wconf 88' lang='lat' dir='ltr'><strong>nihil</strong></span> <span class='ocrx_word' id='word_1_272' title='bbox 1314 2350 1367 2404; x_wconf 90' lang='lat' dir='ltr'><strong>in</strong></span> <span class='ocrx_word' id='word_1_273' title='bbox 1398 2349 1768 2420; x_wconf 68' lang='lat' dir='ltr'><strong>prmjudicium</strong></span> <span class='ocrx_word' id='word_1_274' title='bbox 1799 2347 2024 2403; x_wconf 85' lang='lat' dir='ltr'><strong>Chalce-</strong></span> 
     </span>
    </p>
   </div>
   <div class='ocr_carea' id='block_1_40' title="bbox 432 2443 2024 2513">
    <p class='ocr_par' dir='ltr' id='par_1_40' title="bbox 432 2443 2024 2513">
     <span class='ocr_line' id='line_1_40' title="bbox 432 2443 2024 2513; baseline -0.001 -16"><span class='ocrx_word' id='word_1_275' title='bbox 432 2445 682 2497; x_wconf 87' lang='lat' dir='ltr'><strong>tlttttettsis</strong></span> <span class='ocrx_word' id='word_1_276' title='bbox 731 2445 905 2513; x_wconf 79' lang='lat' dir='ltr'><strong>egisse</strong></span> <span class='ocrx_word' id='word_1_277' title='bbox 943 2443 1177 2497; x_wconf 64' lang='lat' dir='ltr'><strong>concilii.</strong></span> <span class='ocrx_word' id='word_1_278' title='bbox 1224 2444 1317 2497; x_wconf 87' lang='lat' dir='ltr'><strong>Cui</strong></span> <span class='ocrx_word' id='word_1_279' title='bbox 1355 2457 1453 2496; x_wconf 90' lang='lat' dir='ltr'><strong>nos</strong></span> <span class='ocrx_word' id='word_1_280' title='bbox 1482 2457 1607 2498; x_wconf 92' lang='lat' dir='ltr'><strong>suas</strong></span> <span class='ocrx_word' id='word_1_281' title='bbox 1652 2444 2024 2497; x_wconf 81' lang='lat' dir='ltr'><strong>excusationes</strong></span> 
     </span>
    </p>
   </div>
   <div class='ocr_carea' id='block_1_41' title="bbox 432 2531 2022 2601">
    <p class='ocr_par' dir='ltr' id='par_1_41' title="bbox 432 2531 2022 2601">
     <span class='ocr_line' id='line_1_41' title="bbox 432 2531 2022 2601; baseline -0.001 -17"><span class='ocrx_word' id='word_1_282' title='bbox 432 2535 753 2599; x_wconf 80' lang='lat' dir='ltr'><strong>opponimus</strong></span> <span class='ocrx_word' id='word_1_283' title='bbox 780 2550 791 2584; x_wconf 94' lang='lat'><strong>:</strong></span> <span class='ocrx_word' id='word_1_284' title='bbox 822 2534 944 2600; x_wconf 83' lang='lat' dir='ltr'><strong>quia</strong></span> <span class='ocrx_word' id='word_1_285' title='bbox 978 2532 1075 2585; x_wconf 88' lang='lat' dir='ltr'><strong>nisi</strong></span> <span class='ocrx_word' id='word_1_286' title='bbox 1104 2534 1204 2586; x_wconf 91' lang='lat' dir='ltr'><strong>hoc</strong></span> <span class='ocrx_word' id='word_1_287' title='bbox 1226 2532 1424 2601; x_wconf 78' lang='lat' dir='ltr'><strong>egisset</strong></span> <span class='ocrx_word' id='word_1_288' title='bbox 1445 2531 1586 2599; x_wconf 89' lang='lat' dir='ltr'><strong>quod</strong></span> <span class='ocrx_word' id='word_1_289' title='bbox 1621 2547 1710 2601; x_wconf 70' lang='lat' dir='ltr'><strong>pra</strong></span> <span class='ocrx_word' id='word_1_290' title='bbox 1728 2532 2022 2601; x_wconf 79' lang='lat' dir='ltr'><strong>judicaret,</strong></span> 
     </span>
    </p>
   </div>
   <div class='ocr_carea' id='block_1_42' title="bbox 433 2623 2022 2695">
    <p class='ocr_par' dir='ltr' id='par_1_42' title="bbox 433 2623 2022 2695">
     <span class='ocr_line' id='line_1_42' title="bbox 433 2623 2022 2695; baseline -0.003 -15"><span class='ocrx_word' id='word_1_291' title='bbox 433 2641 768 2695; x_wconf 83' lang='lat' dir='ltr'><strong>nequaquam</strong></span> <span class='ocrx_word' id='word_1_292' title='bbox 800 2640 860 2679; x_wconf 90' lang='lat' dir='ltr'><strong>se</strong></span> <span class='ocrx_word' id='word_1_293' title='bbox 891 2625 971 2678; x_wconf 89' lang='lat' dir='ltr'><strong>vel</strong></span> <span class='ocrx_word' id='word_1_294' title='bbox 999 2626 1064 2679; x_wconf 89' lang='lat' dir='ltr'><strong>de</strong></span> <span class='ocrx_word' id='word_1_295' title='bbox 1090 2626 1389 2694; x_wconf 86' lang='lat' dir='ltr'><strong>principum</strong></span> <span class='ocrx_word' id='word_1_296' title='bbox 1424 2624 1697 2691; x_wconf 75' lang='lat' dir='ltr'><strong>violentia,</strong></span> <span class='ocrx_word' id='word_1_297' title='bbox 1730 2624 1813 2677; x_wconf 79' lang='lat' dir='ltr'><strong>vel</strong></span> <span class='ocrx_word' id='word_1_298' title='bbox 1838 2623 1905 2678; x_wconf 92' lang='lat' dir='ltr'><strong>de</strong></span> <span class='ocrx_word' id='word_1_299' title='bbox 1929 2637 2022 2676; x_wconf 87' lang='lat' dir='ltr'><strong>sua</strong></span> 
     </span>
    </p>
   </div>
   <div class='ocr_carea' id='block_1_43' title="bbox 434 2715 2022 2785">
    <p class='ocr_par' dir='ltr' id='par_1_43' title="bbox 434 2715 2022 2785">
     <span class='ocr_line' id='line_1_43' title="bbox 434 2715 2022 2785; baseline -0.001 -15"><span class='ocrx_word' id='word_1_300' title='bbox 434 2715 732 2784; x_wconf 78' lang='lat' dir='ltr'><strong>ignorantia</strong></span> <span class='ocrx_word' id='word_1_301' title='bbox 777 2731 1001 2785; x_wconf 85' lang='lat' dir='ltr'><strong>purgare</strong></span> <span class='ocrx_word' id='word_1_302' title='bbox 1047 2727 1208 2785; x_wconf 89' lang='lat' dir='ltr'><strong>atque</strong></span> <span class='ocrx_word' id='word_1_303' title='bbox 1240 2716 1522 2770; x_wconf 82' lang='lat' dir='ltr'><strong>absolvere</strong></span> <span class='ocrx_word' id='word_1_304' title='bbox 1569 2716 1851 2772; x_wconf 87' lang='lat' dir='ltr'><strong>niteretur.</strong></span> <span class='ocrx_word' id='word_1_305' title='bbox 1890 2716 2022 2769; x_wconf 85' lang='lat' dir='ltr'><strong>Cum</strong></span> 
     </span>
    </p>
   </div>
   <div class='ocr_carea' id='block_1_44' title="bbox 437 2805 2026 2876">
    <p class='ocr_par' dir='ltr' id='par_1_44' title="bbox 437 2805 2026 2876">
     <span class='ocr_line' id='line_1_44' title="bbox 437 2805 2026 2876; baseline 0.001 -17"><span class='ocrx_word' id='word_1_306' title='bbox 437 2808 596 2876; x_wconf 78' lang='lat' dir='ltr'><strong>igitur</strong></span> <span class='ocrx_word' id='word_1_307' title='bbox 637 2807 801 2859; x_wconf 84' lang='lat' dir='ltr'><strong>multa</strong></span> <span class='ocrx_word' id='word_1_308' title='bbox 846 2806 985 2860; x_wconf 90' lang='lat' dir='ltr'><strong>inter</strong></span> <span class='ocrx_word' id='word_1_309' title='bbox 1026 2822 1126 2859; x_wconf 89' lang='lat' dir='ltr'><strong>nos</strong></span> <span class='ocrx_word' id='word_1_310' title='bbox 1155 2806 1223 2861; x_wconf 88' lang='lat' dir='ltr'><strong>de</strong></span> <span class='ocrx_word' id='word_1_311' title='bbox 1254 2805 1337 2860; x_wconf 90' lang='lat' dir='ltr'><strong>his</strong></span> <span class='ocrx_word' id='word_1_312' title='bbox 1367 2816 1528 2876; x_wconf 82' lang='lat' dir='ltr'><strong>atque</strong></span> <span class='ocrx_word' id='word_1_313' title='bbox 1573 2808 1692 2861; x_wconf 89' lang='lat' dir='ltr'><strong>aliis</strong></span> <span class='ocrx_word' id='word_1_314' title='bbox 1721 2806 2026 2862; x_wconf 86' lang='lat' dir='ltr'><strong>inveniatur</strong></span> 
     </span>
    </p>
   </div>
   <div class='ocr_carea' id='block_1_45' title="bbox 435 2898 2025 2967">
    <p class='ocr_par' dir='ltr' id='par_1_45' title="bbox 435 2898 2025 2967">
     <span class='ocr_line' id='line_1_45' title="bbox 435 2898 2025 2967; baseline -0.001 -15"><span class='ocrx_word' id='word_1_315' title='bbox 435 2913 559 2953; x_wconf 87' lang='lat' dir='ltr'><strong>esse</strong></span> <span class='ocrx_word' id='word_1_316' title='bbox 591 2899 876 2966; x_wconf 81' lang='lat' dir='ltr'><strong>dissensio,</strong></span> <span class='ocrx_word' id='word_1_317' title='bbox 918 2898 1041 2953; x_wconf 90' lang='lat' dir='ltr'><strong>inde</strong></span> <span class='ocrx_word' id='word_1_318' title='bbox 1076 2909 1253 2953; x_wconf 85' lang='lat' dir='ltr'><strong>tamen</strong></span> <span class='ocrx_word' id='word_1_319' title='bbox 1283 2899 1533 2954; x_wconf 89' lang='lat' dir='ltr'><strong>convenit</strong></span> <span class='ocrx_word' id='word_1_320' title='bbox 1570 2898 1712 2953; x_wconf 89' lang='lat' dir='ltr'><strong>inter</strong></span> <span class='ocrx_word' id='word_1_321' title='bbox 1745 2909 1941 2967; x_wconf 85' lang='lat' dir='ltr'><strong>partes,</strong></span> <span class='ocrx_word' id='word_1_322' title='bbox 1971 2908 2025 2952; x_wconf 90' lang='lat' dir='ltr'><strong>et</strong></span> 
     </span>
    </p>
   </div>
   <div class='ocr_carea' id='block_1_46' title="bbox 437 2990 2023 3059">
    <p class='ocr_par' dir='ltr' id='par_1_46' title="bbox 437 2990 2023 3059">
     <span class='ocr_line' id='line_1_46' title="bbox 437 2990 2023 3059; baseline 0.001 -16"><span class='ocrx_word' id='word_1_323' title='bbox 437 2990 574 3057; x_wconf 84' lang='lat' dir='ltr'><strong>apud</strong></span> <span class='ocrx_word' id='word_1_324' title='bbox 607 3005 793 3045; x_wconf 88' lang='lat' dir='ltr'><strong>omnes</strong></span> <span class='ocrx_word' id='word_1_325' title='bbox 838 2990 953 3045; x_wconf 89' lang='lat' dir='ltr'><strong>sine</strong></span> <span class='ocrx_word' id='word_1_326' title='bbox 997 2990 1103 3044; x_wconf 82' lang='lat' dir='ltr'><strong>tilla</strong></span> <span class='ocrx_word' id='word_1_327' title='bbox 1135 2990 1502 3045; x_wconf 78' lang='lat' dir='ltr'><strong>controversia</strong></span> <span class='ocrx_word' id='word_1_328' title='bbox 1540 3000 1771 3056; x_wconf 86' lang='lat' dir='ltr'><strong>constat,</strong></span> <span class='ocrx_word' id='word_1_329' title='bbox 1800 2990 1939 3059; x_wconf 91' lang='lat' dir='ltr'><strong>quod</strong></span> <span class='ocrx_word' id='word_1_330' title='bbox 1972 2991 2023 3044; x_wconf 91' lang='lat' dir='ltr'><strong>in</strong></span> 
     </span>
    </p>
   </div>
   <div class='ocr_carea' id='block_1_47' title="bbox 437 3079 2020 3150">
    <p class='ocr_par' dir='ltr' id='par_1_47' title="bbox 437 3079 2020 3150">
     <span class='ocr_line' id='line_1_47' title="bbox 437 3079 2020 3150; baseline 0.001 -18"><span class='ocrx_word' id='word_1_331' title='bbox 437 3080 632 3136; x_wconf 87' lang='lat' dir='ltr'><strong>talibus</strong></span> <span class='ocrx_word' id='word_1_332' title='bbox 654 3082 829 3134; x_wconf 90' lang='lat' dir='ltr'><strong>causis</strong></span> <span class='ocrx_word' id='word_1_333' title='bbox 852 3081 1321 3150; x_wconf 62' lang='lat' dir='ltr'><strong>pratvaricaturtttn</strong></span> <span class='ocrx_word' id='word_1_334' title='bbox 1352 3081 1424 3134; x_wconf 88' lang='lat' dir='ltr'><strong>sit</strong></span> <span class='ocrx_word' id='word_1_335' title='bbox 1452 3080 1757 3135; x_wconf 86' lang='lat' dir='ltr'><strong>communio</strong></span> <span class='ocrx_word' id='word_1_336' title='bbox 1786 3079 2020 3134; x_wconf 89' lang='lat' dir='ltr'><strong>vitanda.</strong></span> 
     </span>
    </p>
   </div>
   <div class='ocr_carea' id='block_1_48' title="bbox 2126 1876 3709 1945">
    <p class='ocr_par' dir='ltr' id='par_1_48' title="bbox 2126 1876 3709 1945">
     <span class='ocr_line' id='line_1_48' title="bbox 2126 1876 3709 1945; baseline 0.001 -16"><span class='ocrx_word' id='word_1_337' title='bbox 2126 1885 2227 1942; x_wconf 87' lang='lat' dir='ltr'><strong>ret,</strong></span> <span class='ocrx_word' id='word_1_338' title='bbox 2263 1876 2529 1944; x_wconf 78' lang='lat' dir='ltr'><strong>quamvis,</strong></span> <span class='ocrx_word' id='word_1_339' title='bbox 2564 1886 2619 1930; x_wconf 91' lang='lat' dir='ltr'><strong>ut</strong></span> <span class='ocrx_word' id='word_1_340' title='bbox 2666 1877 2869 1931; x_wconf 89' lang='lat' dir='ltr'><strong>dictum</strong></span> <span class='ocrx_word' id='word_1_341' title='bbox 2917 1887 3020 1940; x_wconf 91' lang='lat' dir='ltr'><strong>est,</strong></span> <span class='ocrx_word' id='word_1_342' title='bbox 3054 1877 3201 1929; x_wconf 79' lang='lat' dir='ltr'><strong>nullo</strong></span> <span class='ocrx_word' id='word_1_343' title='bbox 3246 1878 3560 1945; x_wconf 81' lang='lat' dir='ltr'><strong>interposito</strong></span> <span class='ocrx_word' id='word_1_344' title='bbox 3586 1891 3709 1930; x_wconf 80' lang='lat' dir='ltr'><strong>aua-</strong></span> 
     </span>
    </p>
   </div>
   <div class='ocr_carea' id='block_1_49' title="bbox 2128 1967 3709 2038">
    <p class='ocr_par' dir='ltr' id='par_1_49' title="bbox 2128 1967 3709 2038">
     <span class='ocr_line' id='line_1_49' title="bbox 2128 1967 3709 2038; baseline 0.001 -17"><span class='ocrx_word' id='word_1_345' title='bbox 2128 1967 2382 2030; x_wconf 85' lang='lat' dir='ltr'><strong>tltemate,</strong></span> <span class='ocrx_word' id='word_1_346' title='bbox 2418 1983 2593 2033; x_wconf 86' lang='lat' dir='ltr'><strong>neque</strong></span> <span class='ocrx_word' id='word_1_347' title='bbox 2628 1967 2884 2022; x_wconf 86' lang='lat' dir='ltr'><strong>adversus</strong></span> <span class='ocrx_word' id='word_1_348' title='bbox 2914 1967 3021 2022; x_wconf 85' lang='lat' dir='ltr'><strong>ulla</strong></span> <span class='ocrx_word' id='word_1_349' title='bbox 3045 1968 3260 2022; x_wconf 90' lang='lat' dir='ltr'><strong>concilii</strong></span> <span class='ocrx_word' id='word_1_350' title='bbox 3286 1969 3550 2038; x_wconf 75' lang='lat' dir='ltr'><strong>generalis</strong></span> <span class='ocrx_word' id='word_1_351' title='bbox 3578 1970 3709 2023; x_wconf 85' lang='lat' dir='ltr'><strong>anti-</strong></span> 
     </span>
    </p>
   </div>
   <div class='ocr_carea' id='block_1_50' title="bbox 2125 2058 3711 2129">
    <p class='ocr_par' dir='ltr' id='par_1_50' title="bbox 2125 2058 3711 2129">
     <span class='ocr_line' id='line_1_50' title="bbox 2125 2058 3711 2129; baseline 0.005 -20"><span class='ocrx_word' id='word_1_352' title='bbox 2125 2059 2310 2129; x_wconf 86' lang='lat' dir='ltr'><strong>quiora</strong></span> <span class='ocrx_word' id='word_1_353' title='bbox 2340 2061 2553 2115; x_wconf 81' lang='lat' dir='ltr'><strong>deeteta</strong></span> <span class='ocrx_word' id='word_1_354' title='bbox 2585 2069 2678 2115; x_wconf 88' lang='lat' dir='ltr'><strong>aut</strong></span> <span class='ocrx_word' id='word_1_355' title='bbox 2726 2058 3074 2114; x_wconf 62' lang='lat' dir='ltr'><strong>ct‘tnttiventes</strong></span> <span class='ocrx_word' id='word_1_356' title='bbox 3105 2060 3371 2115; x_wconf 75' lang='lat' dir='ltr'><strong>haereticis</strong></span> <span class='ocrx_word' id='word_1_357' title='bbox 3403 2063 3561 2116; x_wconf 83' lang='lat' dir='ltr'><strong>talem</strong></span> <span class='ocrx_word' id='word_1_358' title='bbox 3592 2078 3711 2117; x_wconf 82' lang='lat' dir='ltr'><strong>sen-</strong></span> 
     </span>
    </p>
   </div>
   <div class='ocr_carea' id='block_1_51' title="bbox 2138 2150 3713 2219">
    <p class='ocr_par' dir='ltr' id='par_1_51' title="bbox 2138 2150 3713 2219">
     <span class='ocr_line' id='line_1_51' title="bbox 2138 2150 3713 2219; baseline 0.001 -13"><span class='ocrx_word' id='word_1_359' title='bbox 2138 2154 2335 2206; x_wconf 72' lang='lat' dir='ltr'><strong>cntiam</strong></span> <span class='ocrx_word' id='word_1_360' title='bbox 2362 2151 2743 2219; x_wconf 76' lang='lat' dir='ltr'><strong>protulissent,</strong></span> <span class='ocrx_word' id='word_1_361' title='bbox 2784 2150 3040 2206; x_wconf 85' lang='lat' dir='ltr'><strong>continuo</strong></span> <span class='ocrx_word' id='word_1_362' title='bbox 3095 2160 3275 2205; x_wconf 87' lang='lat' dir='ltr'><strong>tamen</strong></span> <span class='ocrx_word' id='word_1_363' title='bbox 3306 2153 3353 2206; x_wconf 91' lang='lat' dir='ltr'><strong>ei</strong></span> <span class='ocrx_word' id='word_1_364' title='bbox 3380 2151 3713 2208; x_wconf 77' lang='lat' dir='ltr'><strong>dettun:itvit</strong></span> 
     </span>
    </p>
   </div>
   <div class='ocr_carea' id='block_1_52' title="bbox 2127 2240 3708 2313">
    <p class='ocr_par' dir='ltr' id='par_1_52' title="bbox 2127 2240 3708 2313">
     <span class='ocr_line' id='line_1_52' title="bbox 2127 2240 3708 2313; baseline -0.001 -16"><span class='ocrx_word' id='word_1_365' title='bbox 2127 2243 2268 2311; x_wconf 87' lang='lat' dir='ltr'><strong>quod</strong></span> <span class='ocrx_word' id='word_1_366' title='bbox 2302 2243 2346 2297; x_wconf 92' lang='lat' dir='ltr'><strong>si</strong></span> <span class='ocrx_word' id='word_1_367' title='bbox 2377 2243 2467 2313; x_wconf 88' lang='lat' dir='ltr'><strong>qui</strong></span> <span class='ocrx_word' id='word_1_368' title='bbox 2499 2242 2601 2297; x_wconf 90' lang='lat' dir='ltr'><strong>hoc</strong></span> <span class='ocrx_word' id='word_1_369' title='bbox 2641 2241 2931 2305; x_wconf 81' lang='lat' dir='ltr'><strong>auderent,</strong></span> <span class='ocrx_word' id='word_1_370' title='bbox 2960 2242 3028 2295; x_wconf 90' lang='lat' dir='ltr'><strong>ab</strong></span> <span class='ocrx_word' id='word_1_371' title='bbox 3074 2240 3309 2296; x_wconf 57' lang='lat' dir='ltr'><strong>Ecclesia</strong></span> <span class='ocrx_word' id='word_1_372' title='bbox 3344 2242 3667 2309; x_wconf 85' lang='lat' dir='ltr'><strong>pellerentur</strong></span> <span class='ocrx_word' id='word_1_373' title='bbox 3695 2259 3708 2295; x_wconf 91' lang='lat'>:</span> 
     </span>
    </p>
   </div>
   <div class='ocr_carea' id='block_1_53' title="bbox 2127 2332 3717 2404">
    <p class='ocr_par' dir='ltr' id='par_1_53' title="bbox 2127 2332 3717 2404">
     <span class='ocr_line' id='line_1_53' title="bbox 2127 2332 3717 2404; baseline -0.001 -14"><span class='ocrx_word' id='word_1_374' title='bbox 2127 2344 2181 2391; x_wconf 88' lang='lat' dir='ltr'><strong>et</strong></span> <span class='ocrx_word' id='word_1_375' title='bbox 2213 2335 2470 2402; x_wconf 82' lang='lat' dir='ltr'><strong>Stephani</strong></span> <span class='ocrx_word' id='word_1_376' title='bbox 2506 2332 2683 2404; x_wconf 90' lang='lat' dir='ltr'><strong>potius</strong></span> <span class='ocrx_word' id='word_1_377' title='bbox 2728 2348 2887 2401; x_wconf 90' lang='lat' dir='ltr'><strong>quam</strong></span> <span class='ocrx_word' id='word_1_378' title='bbox 2919 2333 3173 2403; x_wconf 72' lang='lat' dir='ltr'><strong>Cypriui</strong></span> <span class='ocrx_word' id='word_1_379' title='bbox 3218 2334 3539 2388; x_wconf 75' lang='lat' dir='ltr'><strong>sententiam</strong></span> <span class='ocrx_word' id='word_1_380' title='bbox 3570 2344 3717 2389; x_wconf 86' lang='lat' dir='ltr'><strong>tenet</strong></span> 
     </span>
    </p>
   </div>
   <div class='ocr_carea' id='block_1_54' title="bbox 2132 2430 3712 2498">
    <p class='ocr_par' dir='ltr' id='par_1_54' title="bbox 2132 2430 3712 2498">
     <span class='ocr_line' id='line_1_54' title="bbox 2132 2430 3712 2498; baseline -0.003 -11"><span class='ocrx_word' id='word_1_381' title='bbox 2132 2433 2391 2496; x_wconf 72' lang='lat' dir='ltr'><strong>Ecclesia,</strong></span> <span class='ocrx_word' id='word_1_382' title='bbox 2429 2448 2532 2485; x_wconf 91' lang='lat' dir='ltr'><strong>non</strong></span> <span class='ocrx_word' id='word_1_383' title='bbox 2568 2432 2740 2485; x_wconf 60' lang='lat' dir='ltr'><strong>solum</strong></span> <span class='ocrx_word' id='word_1_384' title='bbox 2772 2431 2840 2484; x_wconf 91' lang='lat' dir='ltr'><strong>de</strong></span> <span class='ocrx_word' id='word_1_385' title='bbox 2868 2446 2972 2484; x_wconf 90' lang='lat' dir='ltr'><strong>non</strong></span> <span class='ocrx_word' id='word_1_386' title='bbox 3003 2430 3395 2498; x_wconf 78' lang='lat' dir='ltr'><strong>rebaptizandis</strong></span> <span class='ocrx_word' id='word_1_387' title='bbox 3425 2430 3712 2494; x_wconf 79' lang='lat' dir='ltr'><strong>ltzcrcticis,</strong></span> 
     </span>
    </p>
   </div>
   <div class='ocr_carea' id='block_1_55' title="bbox 2128 2523 3715 2591">
    <p class='ocr_par' dir='ltr' id='par_1_55' title="bbox 2128 2523 3715 2591">
     <span class='ocr_line' id='line_1_55' title="bbox 2128 2523 3715 2591; baseline -0.001 -10"><span class='ocrx_word' id='word_1_388' title='bbox 2128 2542 2312 2581; x_wconf 89' lang='lat' dir='ltr'><strong>verum</strong></span> <span class='ocrx_word' id='word_1_389' title='bbox 2360 2525 2524 2579; x_wconf 87' lang='lat' dir='ltr'><strong>etiam</strong></span> <span class='ocrx_word' id='word_1_390' title='bbox 2555 2524 2622 2580; x_wconf 90' lang='lat' dir='ltr'><strong>de</strong></span> <span class='ocrx_word' id='word_1_391' title='bbox 2666 2523 3119 2591; x_wconf 78' lang='lat' dir='ltr'><strong>rebaptizatttibus</strong></span> <span class='ocrx_word' id='word_1_392' title='bbox 3164 2538 3269 2578; x_wconf 90' lang='lat' dir='ltr'><strong>non</strong></span> <span class='ocrx_word' id='word_1_393' title='bbox 3301 2524 3555 2579; x_wconf 82' lang='lat' dir='ltr'><strong>ferendis.</strong></span> <span class='ocrx_word' id='word_1_394' title='bbox 3606 2526 3715 2581; x_wconf 85' lang='lat' dir='ltr'><strong>Se-l</strong></span> 
     </span>
    </p>
   </div>
   <div class='ocr_carea' id='block_1_56' title="bbox 2130 2619 3717 2689">
    <p class='ocr_par' dir='ltr' id='par_1_56' title="bbox 2130 2619 3717 2689">
     <span class='ocr_line' id='line_1_56' title="bbox 2130 2619 3717 2689; baseline -0.001 -15"><span class='ocrx_word' id='word_1_395' title='bbox 2130 2621 2209 2674; x_wconf 87' lang='lat' dir='ltr'><strong>vir</strong></span> <span class='ocrx_word' id='word_1_396' title='bbox 2240 2619 2695 2689; x_wconf 81' lang='lat' dir='ltr'><strong>prudentissimus</strong></span> <span class='ocrx_word' id='word_1_397' title='bbox 2723 2621 2967 2687; x_wconf 78' lang='lat' dir='ltr'><strong>Augusti.</strong></span> <span class='ocrx_word' id='word_1_398' title='bbox 2991 2634 3073 2683; x_wconf 87' lang='lat' dir='ltr'><strong>us,</strong></span> <span class='ocrx_word' id='word_1_399' title='bbox 3103 2619 3177 2672; x_wconf 87' lang='lat' dir='ltr'><strong>ad-</strong></span> <span class='ocrx_word' id='word_1_400' title='bbox 3199 2620 3499 2689; x_wconf 68' lang='lat' dir='ltr'><strong>arguendos</strong></span> <span class='ocrx_word' id='word_1_401' title='bbox 3527 2622 3592 2675; x_wconf 86' lang='lat' dir='ltr'><strong>de</strong></span> <span class='ocrx_word' id='word_1_402' title='bbox 3616 2636 3717 2674; x_wconf 88' lang='lat' dir='ltr'><strong>suo</strong></span> 
     </span>
    </p>
   </div>
   <div class='ocr_carea' id='block_1_57' title="bbox 2128 2710 3717 2781">
    <p class='ocr_par' dir='ltr' id='par_1_57' title="bbox 2128 2710 3717 2781">
     <span class='ocr_line' id='line_1_57' title="bbox 2128 2710 3717 2781; baseline -0.002 -13"><span class='ocrx_word' id='word_1_403' title='bbox 2128 2713 2417 2768; x_wconf 88' lang='lat' dir='ltr'><strong>schismate</strong></span> <span class='ocrx_word' id='word_1_404' title='bbox 2448 2712 2779 2775; x_wconf 87' lang='lat' dir='ltr'><strong>Donatistas,</strong></span> <span class='ocrx_word' id='word_1_405' title='bbox 2808 2711 2899 2781; x_wconf 90' lang='lat' dir='ltr'><strong>qui</strong></span> <span class='ocrx_word' id='word_1_406' title='bbox 2939 2711 3255 2765; x_wconf 71' lang='lat' dir='ltr'><strong>aucaoritate</strong></span> <span class='ocrx_word' id='word_1_407' title='bbox 3286 2710 3427 2765; x_wconf 88' lang='lat' dir='ltr'><strong>beati</strong></span> <span class='ocrx_word' id='word_1_408' title='bbox 3464 2711 3717 2780; x_wconf 80' lang='lat' dir='ltr'><strong>Cypriani</strong></span> 
     </span>
    </p>
   </div>
   <div class='ocr_carea' id='block_1_58' title="bbox 2130 2801 3717 2873">
    <p class='ocr_par' dir='ltr' id='par_1_58' title="bbox 2130 2801 3717 2873">
     <span class='ocr_line' id='line_1_58' title="bbox 2130 2801 3717 2873; baseline -0.001 -14"><span class='ocrx_word' id='word_1_409' title='bbox 2130 2806 2474 2873; x_wconf 64' lang='lat' dir='ltr'><strong>sacriltgitmt</strong></span> <span class='ocrx_word' id='word_1_410' title='bbox 2493 2818 2600 2873; x_wconf 91' lang='lat' dir='ltr'><strong>quo</strong></span> <span class='ocrx_word' id='word_1_411' title='bbox 2624 2804 2884 2872; x_wconf 81' lang='lat' dir='ltr'><strong>baptisma</strong></span> <span class='ocrx_word' id='word_1_412' title='bbox 2903 2804 3097 2857; x_wconf 85' lang='lat' dir='ltr'><strong>iterant</strong></span> <span class='ocrx_word' id='word_1_413' title='bbox 3119 2812 3380 2858; x_wconf 83' lang='lat' dir='ltr'><strong>conantur</strong></span> <span class='ocrx_word' id='word_1_414' title='bbox 3397 2801 3717 2869; x_wconf 74' lang='lat' dir='ltr'><strong>defendere,</strong></span> 
     </span>
    </p>
   </div>
   <div class='ocr_carea' id='block_1_59' title="bbox 2127 2896 3719 2966">
    <p class='ocr_par' dir='ltr' id='par_1_59' title="bbox 2127 2896 3719 2966">
     <span class='ocr_line' id='line_1_59' title="bbox 2127 2896 3719 2966; baseline 0.001 -14"><span class='ocrx_word' id='word_1_415' title='bbox 2127 2896 2378 2953; x_wconf 78' lang='lat' dir='ltr'><strong>sufﬁcere</strong></span> <span class='ocrx_word' id='word_1_416' title='bbox 2428 2897 2658 2952; x_wconf 86' lang='lat' dir='ltr'><strong>credidit</strong></span> <span class='ocrx_word' id='word_1_417' title='bbox 2702 2897 2818 2966; x_wconf 84' lang='lat' dir='ltr'><strong>ejus</strong></span> <span class='ocrx_word' id='word_1_418' title='bbox 2846 2898 3149 2966; x_wconf 76' lang='lat' dir='ltr'><strong>exemplum</strong></span> <span class='ocrx_word' id='word_1_419' title='bbox 3199 2915 3214 2951; x_wconf 90' lang='lat'><strong>:</strong></span> <span class='ocrx_word' id='word_1_420' title='bbox 3257 2898 3380 2965; x_wconf 88' lang='lat' dir='ltr'><strong>quia</strong></span> <span class='ocrx_word' id='word_1_421' title='bbox 3409 2912 3529 2952; x_wconf 90' lang='lat' dir='ltr'><strong>cum</strong></span> <span class='ocrx_word' id='word_1_422' title='bbox 3566 2898 3719 2953; x_wconf 84' lang='lat' dir='ltr'><strong>aliter</strong></span> 
     </span>
    </p>
   </div>
   <div class='ocr_carea' id='block_1_60' title="bbox 2128 2989 3722 3059">
    <p class='ocr_par' dir='ltr' id='par_1_60' title="bbox 2128 2989 3722 3059">
     <span class='ocr_line' id='line_1_60' title="bbox 2128 2989 3722 3059; baseline 0.002 -19"><span class='ocrx_word' id='word_1_423' title='bbox 2128 3005 2289 3057; x_wconf 88' lang='lat' dir='ltr'><strong>qnatn</strong></span> <span class='ocrx_word' id='word_1_424' title='bbox 2329 2990 2508 3058; x_wconf 87' lang='lat' dir='ltr'><strong>plures</strong></span> <span class='ocrx_word' id='word_1_425' title='bbox 2537 2990 2763 3044; x_wconf 85' lang='lat' dir='ltr'><strong>aliarum</strong></span> <span class='ocrx_word' id='word_1_426' title='bbox 2798 2990 3192 3058; x_wconf 86' lang='lat' dir='ltr'><strong>provinciarum</strong></span> <span class='ocrx_word' id='word_1_427' title='bbox 3222 2990 3464 3058; x_wconf 74' lang='lat' dir='ltr'><strong>episcopi</strong></span> <span class='ocrx_word' id='word_1_428' title='bbox 3488 2989 3557 3044; x_wconf 91' lang='lat' dir='ltr'><strong>de</strong></span> <span class='ocrx_word' id='word_1_429' title='bbox 3585 2991 3722 3059; x_wconf 70' lang='grc' dir='ltr'><strong>ωε».</strong></span> 
     </span>
    </p>
   </div>
   <div class='ocr_carea' id='block_1_61' title="bbox 2132 3081 3723 3151">
    <p class='ocr_par' dir='ltr' id='par_1_61' title="bbox 2132 3081 3723 3151">
     <span class='ocr_line' id='line_1_61' title="bbox 2132 3081 3723 3151; baseline 0.003 -18"><span class='ocrx_word' id='word_1_430' title='bbox 2132 3081 2294 3135; x_wconf 89' lang='lat' dir='ltr'><strong>tismo</strong></span> <span class='ocrx_word' id='word_1_431' title='bbox 2322 3092 2556 3150; x_wconf 84' lang='lat' dir='ltr'><strong>saperet,</strong></span> <span class='ocrx_word' id='word_1_432' title='bbox 2588 3097 2691 3135; x_wconf 93' lang='lat' dir='ltr'><strong>non</strong></span> <span class='ocrx_word' id='word_1_433' title='bbox 2726 3092 2902 3137; x_wconf 85' lang='lat' dir='ltr'><strong>tamen</strong></span> <span class='ocrx_word' id='word_1_434' title='bbox 2930 3097 2990 3136; x_wconf 81' lang='lat' dir='ltr'><strong>se</strong></span> <span class='ocrx_word' id='word_1_435' title='bbox 3012 3083 3458 3151; x_wconf 85' lang='lat' dir='ltr'><strong>quemadmodum</strong></span> <span class='ocrx_word' id='word_1_436' title='bbox 3488 3083 3588 3151; x_wconf 87' lang='lat' dir='ltr'><strong>ipsi</strong></span> <span class='ocrx_word' id='word_1_437' title='bbox 3620 3083 3723 3137; x_wconf 81' lang='lat' dir='ltr'><strong>Do-</strong></span> 
     </span>
    </p>
   </div>
   <div class='ocr_carea' id='block_1_62' title="bbox 439 3168 3723 3244">
    <p class='ocr_par' dir='ltr' id='par_1_62' title="bbox 439 3168 3723 3244">
     <span class='ocr_line' id='line_1_62' title="bbox 439 3168 3723 3244; baseline 0 -17"><span class='ocrx_word' id='word_1_438' title='bbox 439 3173 676 3242; x_wconf 85' lang='lat' dir='ltr'><strong>l)ettique</strong></span> <span class='ocrx_word' id='word_1_439' title='bbox 705 3188 805 3227; x_wconf 89' lang='lat' dir='ltr'><strong>nec</strong></span> <span class='ocrx_word' id='word_1_440' title='bbox 848 3173 1068 3227; x_wconf 89' lang='lat' dir='ltr'><strong>Sorcius</strong></span> <span class='ocrx_word' id='word_1_441' title='bbox 1112 3174 1437 3241; x_wconf 66' lang='lat' dir='ltr'><strong>[trzecfptsum</strong></span> <span class='ocrx_word' id='word_1_442' title='bbox 1469 3172 1632 3227; x_wconf 87' lang='lat' dir='ltr'><strong>decus</strong></span> <span class='ocrx_word' id='word_1_443' title='bbox 1674 3172 1837 3239; x_wconf 86' lang='lat' dir='ltr'><strong>partis</strong></span> <span class='ocrx_word' id='word_1_444' title='bbox 1882 3172 2026 3239; x_wconf 85' lang='lat' dir='ltr'><strong>ipso-</strong></span> <span class='ocrx_word' id='word_1_445' title='bbox 2057 3168 2100 3228; x_wconf 67' lang='grc' dir='ltr'><strong>(ἶ</strong></span> <span class='ocrx_word' id='word_1_446' title='bbox 2136 3177 2342 3227; x_wconf 83' lang='lat' dir='ltr'><strong>uatista:</strong></span> <span class='ocrx_word' id='word_1_447' title='bbox 2370 3176 2437 3228; x_wconf 90' lang='lat' dir='ltr'><strong>ab</strong></span> <span class='ocrx_word' id='word_1_448' title='bbox 2470 3173 2709 3229; x_wconf 82' lang='lat' dir='ltr'><strong>Ecclesia</strong></span> <span class='ocrx_word' id='word_1_449' title='bbox 2739 3175 3058 3244; x_wconf 78' lang='lat' dir='ltr'><strong>segregavit.</strong></span> <span class='ocrx_word' id='word_1_450' title='bbox 3093 3174 3408 3242; x_wconf 73' lang='lat' dir='ltr'><strong>cht-cgarct</strong></span> <span class='ocrx_word' id='word_1_451' title='bbox 3447 3187 3652 3239; x_wconf 76' lang='lat' dir='ltr'><strong>autem,</strong></span> <span class='ocrx_word' id='word_1_452' title='bbox 3681 3176 3723 3229; x_wconf 79' lang='lat' dir='ltr'><strong>si</strong></span> 
     </span>
    </p>
   </div>
   <div class='ocr_carea' id='block_1_63' title="bbox 441 3263 2024 3333">
    <p class='ocr_par' dir='ltr' id='par_1_63' title="bbox 441 3263 2024 3333">
     <span class='ocr_line' id='line_1_63' title="bbox 441 3263 2024 3333; baseline -0.001 -14"><span class='ocrx_word' id='word_1_453' title='bbox 441 3282 580 3329; x_wconf 88' lang='lat' dir='ltr'><strong>tum,</strong></span> <span class='ocrx_word' id='word_1_454' title='bbox 630 3278 681 3319; x_wconf 90' lang='lat' dir='ltr'><strong>et</strong></span> <span class='ocrx_word' id='word_1_455' title='bbox 734 3282 892 3333; x_wconf 86' lang='lat' dir='ltr'><strong>quem</strong></span> <span class='ocrx_word' id='word_1_456' title='bbox 948 3280 1069 3319; x_wconf 87' lang='lat' dir='ltr'><strong>csse</strong></span> <span class='ocrx_word' id='word_1_457' title='bbox 1101 3266 1199 3320; x_wconf 89' lang='lat' dir='ltr'><strong>nisi</strong></span> <span class='ocrx_word' id='word_1_458' title='bbox 1238 3281 1357 3319; x_wconf 91' lang='lat' dir='ltr'><strong>cum</strong></span> <span class='ocrx_word' id='word_1_459' title='bbox 1409 3266 1605 3318; x_wconf 87' lang='lat' dir='ltr'><strong>talibus</strong></span> <span class='ocrx_word' id='word_1_460' title='bbox 1638 3279 1741 3317; x_wconf 91' lang='lat' dir='ltr'><strong>non</strong></span> <span class='ocrx_word' id='word_1_461' title='bbox 1787 3263 2024 3329; x_wconf 86' lang='lat' dir='ltr'><strong>deceret,</strong></span> 
     </span>
    </p>
   </div>
   <div class='ocr_carea' id='block_1_64' title="bbox 439 3354 2022 3419">
    <p class='ocr_par' dir='ltr' id='par_1_64' title="bbox 439 3354 2022 3419">
     <span class='ocr_line' id='line_1_64' title="bbox 439 3354 2022 3419; baseline 0 -12"><span class='ocrx_word' id='word_1_462' title='bbox 439 3358 559 3408; x_wconf 68' lang='lat' dir='ltr'><strong>littic</strong></span> <span class='ocrx_word' id='word_1_463' title='bbox 586 3366 717 3411; x_wconf 71' lang='grc' dir='ltr'><strong>διιιιι-</strong></span> <span class='ocrx_word' id='word_1_464' title='bbox 743 3357 867 3410; x_wconf 73' lang='lat' dir='ltr'><strong>ntite</strong></span> <span class='ocrx_word' id='word_1_465' title='bbox 899 3356 1241 3419; x_wconf 85' lang='lat' dir='ltr'><strong>contradicit,</strong></span> <span class='ocrx_word' id='word_1_466' title='bbox 1280 3356 1385 3407; x_wconf 87' lang='lat' dir='ltr'><strong>itnu</strong></span> <span class='ocrx_word' id='word_1_467' title='bbox 1419 3371 1545 3409; x_wconf 88' lang='lat' dir='ltr'><strong>vero</strong></span> <span class='ocrx_word' id='word_1_468' title='bbox 1584 3367 1638 3409; x_wconf 89' lang='lat' dir='ltr'><strong>et</strong></span> <span class='ocrx_word' id='word_1_469' title='bbox 1678 3354 1876 3419; x_wconf 81' lang='lat' dir='ltr'><strong>aliquid</strong></span> <span class='ocrx_word' id='word_1_470' title='bbox 1908 3370 2022 3408; x_wconf 86' lang='lat' dir='ltr'><strong>am-</strong></span> 
     </span>
    </p>
   </div>
   <div class='ocr_carea' id='block_1_65' title="bbox 440 3445 2025 3515">
    <p class='ocr_par' dir='ltr' id='par_1_65' title="bbox 440 3445 2025 3515">
     <span class='ocr_line' id='line_1_65' title="bbox 440 3445 2025 3515; baseline 0.004 -20"><span class='ocrx_word' id='word_1_471' title='bbox 440 3447 578 3515; x_wconf 79' lang='lat' dir='ltr'><strong>plius</strong></span> <span class='ocrx_word' id='word_1_472' title='bbox 611 3446 721 3513; x_wconf 87' lang='lat' dir='ltr'><strong>ipse</strong></span> <span class='ocrx_word' id='word_1_473' title='bbox 748 3446 897 3500; x_wconf 88' lang='lat' dir='ltr'><strong>dicit.</strong></span> <span class='ocrx_word' id='word_1_474' title='bbox 945 3445 1075 3499; x_wconf 83' lang='lat' dir='ltr'><strong>Nam</strong></span> <span class='ocrx_word' id='word_1_475' title='bbox 1106 3447 1351 3499; x_wconf 85' lang='lat' dir='ltr'><strong>scribens</strong></span> <span class='ocrx_word' id='word_1_476' title='bbox 1392 3447 1548 3499; x_wconf 89' lang='lat' dir='ltr'><strong>beato</strong></span> <span class='ocrx_word' id='word_1_477' title='bbox 1586 3447 1699 3500; x_wconf 90' lang='lat' dir='ltr'><strong>seni</strong></span> <span class='ocrx_word' id='word_1_478' title='bbox 1749 3446 1954 3501; x_wconf 89' lang='lat' dir='ltr'><strong>Boetho</strong></span> <span class='ocrx_word' id='word_1_479' title='bbox 1975 3445 2025 3513; x_wconf 71' lang='grc' dir='ltr'><strong>δ,</strong></span> 
     </span>
    </p>
   </div>
   <div class='ocr_carea' id='block_1_66' title="bbox 440 3537 2025 3607">
    <p class='ocr_par' dir='ltr' id='par_1_66' title="bbox 440 3537 2025 3607">
     <span class='ocr_line' id='line_1_66' title="bbox 440 3537 2025 3607; baseline 0.005 -21"><span class='ocrx_word' id='word_1_480' title='bbox 440 3537 746 3607; x_wconf 77' lang='lat' dir='ltr'><strong>priusquam</strong></span> <span class='ocrx_word' id='word_1_481' title='bbox 784 3537 1075 3606; x_wconf 82' lang='lat' dir='ltr'><strong>navigaret,</strong></span> <span class='ocrx_word' id='word_1_482' title='bbox 1102 3552 1218 3606; x_wconf 76' lang='lat' dir='ltr'><strong>qutc</strong></span> <span class='ocrx_word' id='word_1_483' title='bbox 1249 3538 1601 3592; x_wconf 87' lang='lat' dir='ltr'><strong>damnaverat</strong></span> <span class='ocrx_word' id='word_1_484' title='bbox 1630 3550 2025 3607; x_wconf 84' lang='lat' dir='ltr'><strong>resutnpturus,</strong></span> 
     </span>
    </p>
   </div>
   <div class='ocr_carea' id='block_1_67' title="bbox 440 3627 2027 3697">
    <p class='ocr_par' dir='ltr' id='par_1_67' title="bbox 440 3627 2027 3697">
     <span class='ocr_line' id='line_1_67' title="bbox 440 3627 2027 3697; baseline 0.003 -17"><span class='ocrx_word' id='word_1_485' title='bbox 440 3627 721 3682; x_wconf 87' lang='lat' dir='ltr'><strong>anathema</strong></span> <span class='ocrx_word' id='word_1_486' title='bbox 745 3627 884 3697; x_wconf 90' lang='lat' dir='ltr'><strong>quod</strong></span> <span class='ocrx_word' id='word_1_487' title='bbox 911 3627 1157 3683; x_wconf 79' lang='lat' dir='ltr'><strong>Africana</strong></span> <span class='ocrx_word' id='word_1_488' title='bbox 1183 3628 1407 3683; x_wconf 71' lang='lat' dir='ltr'><strong>concilia</strong></span> <span class='ocrx_word' id='word_1_489' title='bbox 1432 3643 1535 3682; x_wconf 81' lang='lat' dir='ltr'><strong>noa</strong></span> <span class='ocrx_word' id='word_1_490' title='bbox 1569 3628 1825 3694; x_wconf 89' lang='lat' dir='ltr'><strong>fecerunt,</strong></span> <span class='ocrx_word' id='word_1_491' title='bbox 1857 3632 1908 3683; x_wconf 92' lang='lat' dir='ltr'><strong>in</strong></span> <span class='ocrx_word' id='word_1_492' title='bbox 1933 3646 2027 3685; x_wconf 88' lang='lat' dir='ltr'><strong>eos</strong></span> 
     </span>
    </p>
   </div>
   <div class='ocr_carea' id='block_1_68' title="bbox 440 3720 2028 3791">
    <p class='ocr_par' dir='ltr' id='par_1_68' title="bbox 440 3720 2028 3791">
     <span class='ocr_line' id='line_1_68' title="bbox 440 3720 2028 3791; baseline 0 -20"><span class='ocrx_word' id='word_1_493' title='bbox 440 3722 661 3791; x_wconf 81' lang='lat' dir='ltr'><strong>ptotulit</strong></span> <span class='ocrx_word' id='word_1_494' title='bbox 684 3720 867 3774; x_wconf 88' lang='lat' dir='ltr'><strong>dicens</strong></span> <span class='ocrx_word' id='word_1_495' title='bbox 901 3738 916 3771; x_wconf 84' lang='lat'><strong>:</strong></span> <span class='ocrx_word' id='word_1_496' title='bbox 951 3739 970 3773; x_wconf 83' lang='grc'><strong>‹</strong></span> <span class='ocrx_word' id='word_1_497' title='bbox 1003 3720 1412 3775; x_wconf 84' lang='lat' dir='ltr'><strong>Anathettta&#39;izo</strong></span> <span class='ocrx_word' id='word_1_498' title='bbox 1435 3720 1728 3791; x_wconf 58' lang='lat' dir='ltr'><strong>Eutychen]</strong></span> <span class='ocrx_word' id='word_1_499' title='bbox 1759 3734 1880 3773; x_wconf 89' lang='lat' dir='ltr'><strong>cum</strong></span> <span class='ocrx_word' id='word_1_500' title='bbox 1914 3736 2028 3773; x_wconf 87' lang='lat' dir='ltr'><strong>om-</strong></span> 
     </span>
    </p>
   </div>
   <div class='ocr_carea' id='block_1_69' title="bbox 441 3812 2071 3882">
    <p class='ocr_par' dir='ltr' id='par_1_69' title="bbox 441 3812 2071 3882">
     <span class='ocr_line' id='line_1_69' title="bbox 441 3812 2071 3882; baseline 0 -17"><span class='ocrx_word' id='word_1_501' title='bbox 441 3812 598 3866; x_wconf 91' lang='lat' dir='ltr'><strong>nibus</strong></span> <span class='ocrx_word' id='word_1_502' title='bbox 647 3812 1004 3866; x_wconf 83' lang='lat' dir='ltr'><strong>sectatorihus</strong></span> <span class='ocrx_word' id='word_1_503' title='bbox 1034 3812 1152 3882; x_wconf 84' lang='lat' dir='ltr'><strong>ejus</strong></span> <span class='ocrx_word' id='word_1_504' title='bbox 1197 3813 1638 3882; x_wconf 59' lang='lat' dir='ltr'><strong>adjttturihusque</strong></span> <span class='ocrx_word' id='word_1_505' title='bbox 1682 3812 1880 3881; x_wconf 86' lang='lat' dir='ltr'><strong>ipsius,</strong></span> <span class='ocrx_word' id='word_1_506' title='bbox 1914 3813 2031 3881; x_wconf 90' lang='lat' dir='ltr'><strong>qtti-</strong></span> <span class='ocrx_word' id='word_1_507' title='bbox 2066 3832 2071 3837; x_wconf 88' lang='grc'><strong>·</strong></span> 
     </span>
    </p>
   </div>
   <div class='ocr_carea' id='block_1_70' title="bbox 442 3904 2027 3975">
    <p class='ocr_par' dir='ltr' id='par_1_70' title="bbox 442 3904 2027 3975">
     <span class='ocr_line' id='line_1_70' title="bbox 442 3904 2027 3975; baseline -0.001 -15"><span class='ocrx_word' id='word_1_508' title='bbox 442 3919 649 3975; x_wconf 83' lang='lat' dir='ltr'><strong>cunque</strong></span> <span class='ocrx_word' id='word_1_509' title='bbox 696 3915 961 3959; x_wconf 87' lang='lat' dir='ltr'><strong>conantur</strong></span> <span class='ocrx_word' id='word_1_510' title='bbox 1010 3916 1211 3959; x_wconf 91' lang='lat' dir='ltr'><strong>tomum</strong></span> <span class='ocrx_word' id='word_1_511' title='bbox 1258 3906 1426 3959; x_wconf 84' lang='lat' dir='ltr'><strong>sancti</strong></span> <span class='ocrx_word' id='word_1_512' title='bbox 1470 3905 1680 3960; x_wconf 88' lang='lat' dir='ltr'><strong>concilii</strong></span> <span class='ocrx_word' id='word_1_513' title='bbox 1728 3904 2027 3959; x_wconf 88' lang='lat' dir='ltr'><strong>Chalcedo-</strong></span> 
     </span>
    </p>
   </div>
   <div class='ocr_carea' id='block_1_71' title="bbox 441 3996 2025 4068">
    <p class='ocr_par' dir='ltr' id='par_1_71' title="bbox 441 3996 2025 4068">
     <span class='ocr_line' id='line_1_71' title="bbox 441 3996 2025 4068; baseline 0 -17"><span class='ocrx_word' id='word_1_514' title='bbox 441 3997 617 4051; x_wconf 77' lang='lat' dir='ltr'><strong>nensis</strong></span> <span class='ocrx_word' id='word_1_515' title='bbox 654 3996 705 4051; x_wconf 94' lang='lat' dir='ltr'><strong>in</strong></span> <span class='ocrx_word' id='word_1_516' title='bbox 747 3997 927 4068; x_wconf 85' lang='lat' dir='ltr'><strong>aliquo</strong></span> <span class='ocrx_word' id='word_1_517' title='bbox 958 3998 1273 4067; x_wconf 80' lang='lat' dir='ltr'><strong>infringere;</strong></span> <span class='ocrx_word' id='word_1_518' title='bbox 1313 4008 1369 4053; x_wconf 89' lang='lat' dir='ltr'><strong>et</strong></span> <span class='ocrx_word' id='word_1_519' title='bbox 1397 4000 1700 4066; x_wconf 81' lang='lat' dir='ltr'><strong>quicunque</strong></span> <span class='ocrx_word' id='word_1_520' title='bbox 1742 3999 2025 4067; x_wconf 84' lang='lat' dir='ltr'><strong>epistolam</strong></span> 
     </span>
    </p>
   </div>
   <div class='ocr_carea' id='block_1_72' title="bbox 442 4088 2025 4158">
    <p class='ocr_par' dir='ltr' id='par_1_72' title="bbox 442 4088 2025 4158">
     <span class='ocr_line' id='line_1_72' title="bbox 442 4088 2025 4158; baseline 0.001 -16"><span class='ocrx_word' id='word_1_521' title='bbox 442 4088 546 4142; x_wconf 77' lang='lat' dir='ltr'><strong>Iba:</strong></span> <span class='ocrx_word' id='word_1_522' title='bbox 587 4104 745 4158; x_wconf 88' lang='lat' dir='ltr'><strong>quant</strong></span> <span class='ocrx_word' id='word_1_523' title='bbox 794 4088 924 4143; x_wconf 90' lang='lat' dir='ltr'><strong>illud</strong></span> <span class='ocrx_word' id='word_1_524' title='bbox 967 4099 1213 4144; x_wconf 89' lang='lat' dir='ltr'><strong>sanctum</strong></span> <span class='ocrx_word' id='word_1_525' title='bbox 1256 4092 1542 4144; x_wconf 91' lang='lat' dir='ltr'><strong>concilium</strong></span> <span class='ocrx_word' id='word_1_526' title='bbox 1585 4089 2025 4144; x_wconf 54' lang='lat' dir='ltr'><strong>Chalcedonttnse</strong></span> 
     </span>
    </p>
   </div>
   <div class='ocr_carea' id='block_1_73' title="bbox 441 4179 2026 4249">
    <p class='ocr_par' dir='ltr' id='par_1_73' title="bbox 441 4179 2026 4249">
     <span class='ocr_line' id='line_1_73' title="bbox 441 4179 2026 4249; baseline 0.002 -15"><span class='ocrx_word' id='word_1_527' title='bbox 441 4181 694 4249; x_wconf 82' lang='lat' dir='ltr'><strong>suscepit,</strong></span> <span class='ocrx_word' id='word_1_528' title='bbox 728 4179 1061 4245; x_wconf 88' lang='lat' dir='ltr'><strong>anathemat,</strong></span> <span class='ocrx_word' id='word_1_529' title='bbox 1094 4182 1373 4235; x_wconf 85' lang='lat' dir='ltr'><strong>anathema</strong></span> <span class='ocrx_word' id='word_1_530' title='bbox 1409 4182 1537 4235; x_wconf 90' lang='lat' dir='ltr'><strong>mihi</strong></span> <span class='ocrx_word' id='word_1_531' title='bbox 1587 4192 1689 4236; x_wconf 56' lang='lat' dir='ltr'><strong>est.</strong></span> <span class='ocrx_word' id='word_1_532' title='bbox 1724 4201 1742 4234; x_wconf 74' lang='grc' dir='ltr'><strong><em>ι</em></strong></span> <span class='ocrx_word' id='word_1_533' title='bbox 1797 4182 2026 4237; x_wconf 82' lang='lat' dir='ltr'><strong>Proinde</strong></span> 
     </span>
    </p>
   </div>
   <div class='ocr_carea' id='block_1_74' title="bbox 442 4264 2027 4342">
    <p class='ocr_par' dir='ltr' id='par_1_74' title="bbox 442 4264 2027 4342">
     <span class='ocr_line' id='line_1_74' title="bbox 442 4264 2027 4342; baseline 0.003 -17"><span class='ocrx_word' id='word_1_534' title='bbox 442 4273 488 4325; x_wconf 89' lang='lat' dir='ltr'><strong>si</strong></span> <span class='ocrx_word' id='word_1_535' title='bbox 532 4272 775 4326; x_wconf 81' lang='lat' dir='ltr'><strong>Muciano</strong></span> <span class='ocrx_word' id='word_1_536' title='bbox 804 4272 1051 4342; x_wconf 90' lang='lat' dir='ltr'><strong>displicet</strong></span> <span class='ocrx_word' id='word_1_537' title='bbox 1080 4274 1131 4327; x_wconf 92' lang='lat' dir='ltr'><strong>in</strong></span> <span class='ocrx_word' id='word_1_538' title='bbox 1172 4274 1333 4327; x_wconf 90' lang='lat' dir='ltr'><strong>simili</strong></span> <span class='ocrx_word' id='word_1_539' title='bbox 1378 4264 1576 4329; x_wconf 75' lang='lat' dir='ltr'><strong>Nictctti</strong></span> <span class='ocrx_word' id='word_1_540' title='bbox 1622 4275 1836 4328; x_wconf 87' lang='lat' dir='ltr'><strong>concilii</strong></span> <span class='ocrx_word' id='word_1_541' title='bbox 1867 4290 2027 4329; x_wconf 82' lang='lat' dir='ltr'><strong>Causa</strong></span> 
     </span>
    </p>
   </div>
   <div class='ocr_carea' id='block_1_75' title="bbox 442 4360 2030 4433">
    <p class='ocr_par' dir='ltr' id='par_1_75' title="bbox 442 4360 2030 4433">
     <span class='ocr_line' id='line_1_75' title="bbox 442 4360 2030 4433; baseline 0.002 -19"><span class='ocrx_word' id='word_1_542' title='bbox 442 4360 780 4417; x_wconf 81' lang='lat' dir='ltr'><strong>observantia</strong></span> <span class='ocrx_word' id='word_1_543' title='bbox 813 4362 1000 4417; x_wconf 90' lang='lat' dir='ltr'><strong>llilarii</strong></span> <span class='ocrx_word' id='word_1_544' title='bbox 1050 4371 1106 4417; x_wconf 88' lang='lat' dir='ltr'><strong>et</strong></span> <span class='ocrx_word' id='word_1_545' title='bbox 1134 4364 1363 4418; x_wconf 74' lang='lat' dir='ltr'><strong>aliorum</strong></span> <span class='ocrx_word' id='word_1_546' title='bbox 1392 4364 1718 4433; x_wconf 87' lang='lat' dir='ltr'><strong>collegarum</strong></span> <span class='ocrx_word' id='word_1_547' title='bbox 1762 4363 1903 4433; x_wconf 88' lang='lat' dir='ltr'><strong>ejus,</strong></span> <span class='ocrx_word' id='word_1_548' title='bbox 1937 4379 2030 4433; x_wconf 89' lang='lat' dir='ltr'><strong>per</strong></span> 
     </span>
    </p>
   </div>
   <div class='ocr_carea' id='block_1_76' title="bbox 444 4445 2031 4525">
    <p class='ocr_par' dir='ltr' id='par_1_76' title="bbox 444 4445 2031 4525">
     <span class='ocr_line' id='line_1_76' title="bbox 444 4445 2031 4525; baseline 0.004 -20"><span class='ocrx_word' id='word_1_549' title='bbox 444 4464 577 4520; x_wconf 84' lang='lat' dir='ltr'><strong>quos</strong></span> <span class='ocrx_word' id='word_1_550' title='bbox 616 4452 924 4508; x_wconf 83' lang='lat' dir='ltr'><strong>orthodoxa</strong></span> <span class='ocrx_word' id='word_1_551' title='bbox 972 4452 1107 4509; x_wconf 83' lang='lat' dir='ltr'><strong>ﬁdes</strong></span> <span class='ocrx_word' id='word_1_552' title='bbox 1149 4454 1204 4509; x_wconf 92' lang='lat' dir='ltr'><strong>in</strong></span> <span class='ocrx_word' id='word_1_553' title='bbox 1236 4454 1324 4509; x_wconf 87' lang='lat' dir='ltr'><strong>illa</strong></span> <span class='ocrx_word' id='word_1_554' title='bbox 1359 4445 1677 4525; x_wconf 85' lang='lat' dir='ltr'><strong>tempestate</strong></span> <span class='ocrx_word' id='word_1_555' title='bbox 1708 4464 1917 4510; x_wconf 84' lang='lat' dir='ltr'><strong>servata</strong></span> <span class='ocrx_word' id='word_1_556' title='bbox 1948 4468 2031 4511; x_wconf 89' lang='lat' dir='ltr'><strong>est</strong></span> 
     </span>
    </p>
   </div>
   <div class='ocr_carea' id='block_1_77' title="bbox 2133 3264 3724 3321">
    <p class='ocr_par' dir='ltr' id='par_1_77' title="bbox 2133 3264 3724 3321">
     <span class='ocr_line' id='line_1_77' title="bbox 2133 3264 3724 3321; baseline 0.003 -5"><span class='ocrx_word' id='word_1_557' title='bbox 2133 3266 2269 3318; x_wconf 88' lang='lat' dir='ltr'><strong>inter</strong></span> <span class='ocrx_word' id='word_1_558' title='bbox 2308 3278 2367 3318; x_wconf 89' lang='lat' dir='ltr'><strong>se</strong></span> <span class='ocrx_word' id='word_1_559' title='bbox 2405 3279 2469 3318; x_wconf 91' lang='lat' dir='ltr'><strong>ac</strong></span> <span class='ocrx_word' id='word_1_560' title='bbox 2499 3264 2875 3320; x_wconf 88' lang='lat' dir='ltr'><strong>dissentientes</strong></span> <span class='ocrx_word' id='word_1_561' title='bbox 2900 3264 3185 3318; x_wconf 86' lang='lat' dir='ltr'><strong>anathema</strong></span> <span class='ocrx_word' id='word_1_562' title='bbox 3228 3264 3508 3319; x_wconf 82' lang='lat' dir='ltr'><strong>definisset</strong></span> <span class='ocrx_word' id='word_1_563' title='bbox 3533 3266 3574 3317; x_wconf 71' lang='lat'><strong>’.</strong></span> <span class='ocrx_word' id='word_1_564' title='bbox 3610 3264 3724 3321; x_wconf 86' lang='lat' dir='ltr'><strong>lloc</strong></span> 
     </span>
    </p>
   </div>
   <div class='ocr_carea' id='block_1_78' title="bbox 2132 3353 3725 3426">
    <p class='ocr_par' dir='ltr' id='par_1_78' title="bbox 2132 3353 3725 3426">
     <span class='ocr_line' id='line_1_78' title="bbox 2132 3353 3725 3426; baseline 0.003 -19"><span class='ocrx_word' id='word_1_565' title='bbox 2132 3353 2291 3422; x_wconf 73' lang='lat' dir='ltr'><strong>igitur</strong></span> <span class='ocrx_word' id='word_1_566' title='bbox 2320 3356 2625 3423; x_wconf 63' lang='lat' dir='ltr'><strong>exemplum</strong></span> <span class='ocrx_word' id='word_1_567' title='bbox 2678 3356 2814 3409; x_wconf 90' lang='lat' dir='ltr'><strong>beati</strong></span> <span class='ocrx_word' id='word_1_568' title='bbox 2864 3355 3117 3426; x_wconf 74' lang='lat' dir='ltr'><strong>Cyptiani</strong></span> <span class='ocrx_word' id='word_1_569' title='bbox 3168 3355 3324 3425; x_wconf 90' lang='lat' dir='ltr'><strong>ltttjtts</strong></span> <span class='ocrx_word' id='word_1_570' title='bbox 3367 3360 3725 3412; x_wconf 71' lang='lat' dir='ltr'><strong>assertionem</strong></span> 
     </span>
    </p>
   </div>
   <div class='ocr_carea' id='block_1_79' title="bbox 2132 3445 3726 3515">
    <p class='ocr_par' dir='ltr' id='par_1_79' title="bbox 2132 3445 3726 3515">
     <span class='ocr_line' id='line_1_79' title="bbox 2132 3445 3726 3515; baseline 0.003 -18"><span class='ocrx_word' id='word_1_571' title='bbox 2132 3445 2266 3497; x_wconf 88' lang='lat' dir='ltr'><strong>nihil</strong></span> <span class='ocrx_word' id='word_1_572' title='bbox 2298 3446 2535 3513; x_wconf 33' lang='lat' dir='ltr'><strong>adjuvat,</strong></span> <span class='ocrx_word' id='word_1_573' title='bbox 2564 3456 2621 3499; x_wconf 92' lang='lat' dir='ltr'><strong>ut</strong></span> <span class='ocrx_word' id='word_1_574' title='bbox 2649 3447 2855 3507; x_wconf 81' lang='lat' dir='ltr'><strong>videtis,</strong></span> <span class='ocrx_word' id='word_1_575' title='bbox 2883 3448 2975 3500; x_wconf 88' lang='lat' dir='ltr'><strong>sed</strong></span> <span class='ocrx_word' id='word_1_576' title='bbox 3003 3448 3271 3514; x_wconf 86' lang='lat' dir='ltr'><strong>quomodo</strong></span> <span class='ocrx_word' id='word_1_577' title='bbox 3299 3462 3396 3500; x_wconf 86' lang='lat' dir='ltr'><strong>nos</strong></span> <span class='ocrx_word' id='word_1_578' title='bbox 3426 3448 3603 3515; x_wconf 83' lang='lat' dir='ltr'><strong>potius</strong></span> <span class='ocrx_word' id='word_1_579' title='bbox 3630 3450 3726 3501; x_wconf 86' lang='lat' dir='ltr'><strong>ad-</strong></span> 
     </span>
    </p>
   </div>
   <div class='ocr_carea' id='block_1_80' title="bbox 2124 3535 3728 3607">
    <p class='ocr_par' dir='ltr' id='par_1_80' title="bbox 2124 3535 3728 3607">
     <span class='ocr_line' id='line_1_80' title="bbox 2124 3535 3728 3607; baseline 0.004 -18"><span class='ocrx_word' id='word_1_580' title='bbox 2124 3535 2294 3604; x_wconf 82' lang='lat' dir='ltr'><strong>juvet,</strong></span> <span class='ocrx_word' id='word_1_581' title='bbox 2340 3538 2523 3593; x_wconf 84' lang='lat' dir='ltr'><strong>videre</strong></span> <span class='ocrx_word' id='word_1_582' title='bbox 2569 3538 2801 3596; x_wconf 85' lang='lat' dir='ltr'><strong>debetis.</strong></span> <span class='ocrx_word' id='word_1_583' title='bbox 2849 3540 3083 3594; x_wconf 87' lang='lat' dir='ltr'><strong>Dicimus</strong></span> <span class='ocrx_word' id='word_1_584' title='bbox 3127 3556 3255 3607; x_wconf 72' lang='lat' dir='ltr'><strong>ergo</strong></span> <span class='ocrx_word' id='word_1_585' title='bbox 3283 3541 3534 3604; x_wconf 61' lang='lat' dir='ltr'><strong>quoniam</strong></span> <span class='ocrx_word' id='word_1_586' title='bbox 3586 3542 3728 3596; x_wconf 86' lang='lat' dir='ltr'><strong>sicut</strong></span> 
     </span>
    </p>
   </div>
   <div class='ocr_carea' id='block_1_81' title="bbox 2132 3628 3728 3697">
    <p class='ocr_par' dir='ltr' id='par_1_81' title="bbox 2132 3628 3728 3697">
     <span class='ocr_line' id='line_1_81' title="bbox 2132 3628 3728 3697; baseline 0.005 -20"><span class='ocrx_word' id='word_1_587' title='bbox 2132 3628 2374 3693; x_wconf 85' lang='lat' dir='ltr'><strong>quamvis</strong></span> <span class='ocrx_word' id='word_1_588' title='bbox 2407 3630 2598 3697; x_wconf 86' lang='lat' dir='ltr'><strong>reltapt</strong></span> <span class='ocrx_word' id='word_1_589' title='bbox 2622 3639 2803 3683; x_wconf 87' lang='lat' dir='ltr'><strong>zantes</strong></span> <span class='ocrx_word' id='word_1_590' title='bbox 2836 3630 3140 3683; x_wconf 89' lang='lat' dir='ltr'><strong>Donatistas</strong></span> <span class='ocrx_word' id='word_1_591' title='bbox 3169 3629 3485 3683; x_wconf 89' lang='lat' dir='ltr'><strong>d.ttttnctntts</strong></span> <span class='ocrx_word' id='word_1_592' title='bbox 3514 3629 3585 3683; x_wconf 89' lang='lat' dir='ltr'><strong>ab</strong></span> <span class='ocrx_word' id='word_1_593' title='bbox 3624 3631 3728 3685; x_wconf 83' lang='lat' dir='ltr'><strong>Ec-</strong></span> 
     </span>
    </p>
   </div>
   <div class='ocr_carea' id='block_1_82' title="bbox 2133 3718 3729 3790">
    <p class='ocr_par' dir='ltr' id='par_1_82' title="bbox 2133 3718 3729 3790">
     <span class='ocr_line' id='line_1_82' title="bbox 2133 3718 3729 3790; baseline 0.004 -21"><span class='ocrx_word' id='word_1_594' title='bbox 2133 3719 2295 3771; x_wconf 88' lang='lat' dir='ltr'><strong>clesia</strong></span> <span class='ocrx_word' id='word_1_595' title='bbox 2341 3734 2637 3787; x_wconf 84' lang='lat' dir='ltr'><strong>separatos,</strong></span> <span class='ocrx_word' id='word_1_596' title='bbox 2674 3736 2778 3774; x_wconf 90' lang='lat' dir='ltr'><strong>non</strong></span> <span class='ocrx_word' id='word_1_597' title='bbox 2826 3733 3001 3773; x_wconf 87' lang='lat' dir='ltr'><strong>tamen</strong></span> <span class='ocrx_word' id='word_1_598' title='bbox 3035 3723 3351 3774; x_wconf 80' lang='lat' dir='ltr'><strong>damnamus</strong></span> <span class='ocrx_word' id='word_1_599' title='bbox 3391 3718 3729 3790; x_wconf 80' lang='lat' dir='ltr'><strong>Cyprianum</strong></span> 
     </span>
    </p>
   </div>
   <div class='ocr_carea' id='block_1_83' title="bbox 2133 3810 3729 3880">
    <p class='ocr_par' dir='ltr' id='par_1_83' title="bbox 2133 3810 3729 3880">
     <span class='ocr_line' id='line_1_83' title="bbox 2133 3810 3729 3880; baseline 0.003 -19"><span class='ocrx_word' id='word_1_600' title='bbox 2133 3819 2185 3861; x_wconf 93' lang='lat' dir='ltr'><strong>et</strong></span> <span class='ocrx_word' id='word_1_601' title='bbox 2216 3811 2393 3864; x_wconf 91' lang='lat' dir='ltr'><strong>socios</strong></span> <span class='ocrx_word' id='word_1_602' title='bbox 2422 3810 2562 3879; x_wconf 83' lang='lat' dir='ltr'><strong>ejus,</strong></span> <span class='ocrx_word' id='word_1_603' title='bbox 2585 3811 2679 3880; x_wconf 85' lang='lat' dir='ltr'><strong>qui</strong></span> <span class='ocrx_word' id='word_1_604' title='bbox 2708 3812 2902 3866; x_wconf 80' lang='lat' dir='ltr'><strong>nttllins</strong></span> <span class='ocrx_word' id='word_1_605' title='bbox 2932 3811 3288 3865; x_wconf 81' lang='lat' dir='ltr'><strong>attathematis</strong></span> <span class='ocrx_word' id='word_1_606' title='bbox 3319 3812 3729 3878; x_wconf 85' lang='lat' dir='ltr'><strong>interpositione</strong></span> 
     </span>
    </p>
   </div>
   <div class='ocr_carea' id='block_1_84' title="bbox 2133 3901 3729 3972">
    <p class='ocr_par' dir='ltr' id='par_1_84' title="bbox 2133 3901 3729 3972">
     <span class='ocr_line' id='line_1_84' title="bbox 2133 3901 3729 3972; baseline 0.004 -19"><span class='ocrx_word' id='word_1_607' title='bbox 2133 3902 2202 3954; x_wconf 91' lang='lat' dir='ltr'><strong>ab</strong></span> <span class='ocrx_word' id='word_1_608' title='bbox 2231 3901 2467 3955; x_wconf 78' lang='lat' dir='ltr'><strong>Ectlcsia</strong></span> <span class='ocrx_word' id='word_1_609' title='bbox 2498 3917 2558 3956; x_wconf 89' lang='lat' dir='ltr'><strong>se</strong></span> <span class='ocrx_word' id='word_1_610' title='bbox 2587 3903 2905 3967; x_wconf 83' lang='lat' dir='ltr'><strong>diviserunt,</strong></span> <span class='ocrx_word' id='word_1_611' title='bbox 2938 3918 3057 3957; x_wconf 90' lang='lat' dir='ltr'><strong>cunt</strong></span> <span class='ocrx_word' id='word_1_612' title='bbox 3084 3904 3152 3958; x_wconf 90' lang='lat' dir='ltr'><strong>de</strong></span> <span class='ocrx_word' id='word_1_613' title='bbox 3184 3903 3502 3972; x_wconf 76' lang='lat' dir='ltr'><strong>bapzismate</strong></span> <span class='ocrx_word' id='word_1_614' title='bbox 3532 3904 3729 3959; x_wconf 73' lang='lat' dir='ltr'><strong>defini~</strong></span> 
     </span>
    </p>
   </div>
   <div class='ocr_carea' id='block_1_85' title="bbox 2136 3993 3728 4061">
    <p class='ocr_par' dir='ltr' id='par_1_85' title="bbox 2136 3993 3728 4061">
     <span class='ocr_line' id='line_1_85' title="bbox 2136 3993 3728 4061; baseline 0.004 -16"><span class='ocrx_word' id='word_1_615' title='bbox 2136 4001 2253 4045; x_wconf 91' lang='lat' dir='ltr'><strong>rent</strong></span> <span class='ocrx_word' id='word_1_616' title='bbox 2302 3993 2445 4061; x_wconf 90' lang='lat' dir='ltr'><strong>quod</strong></span> <span class='ocrx_word' id='word_1_617' title='bbox 2491 4008 2633 4048; x_wconf 88' lang='lat' dir='ltr'><strong>nunc</strong></span> <span class='ocrx_word' id='word_1_618' title='bbox 2686 3994 2897 4047; x_wconf 81' lang='lat' dir='ltr'><strong>videtur</strong></span> <span class='ocrx_word' id='word_1_619' title='bbox 2941 3993 3277 4050; x_wconf 75' lang='lat' dir='ltr'><strong>occasionem</strong></span> <span class='ocrx_word' id='word_1_620' title='bbox 3326 3994 3728 4051; x_wconf 78' lang='lat' dir='ltr'><strong>Donatistarum</strong></span> 
     </span>
    </p>
   </div>
   <div class='ocr_carea' id='block_1_86' title="bbox 2132 4086 3731 4155">
    <p class='ocr_par' dir='ltr' id='par_1_86' title="bbox 2132 4086 3731 4155">
     <span class='ocr_line' id='line_1_86' title="bbox 2132 4086 3731 4155; baseline 0.002 -15"><span class='ocrx_word' id='word_1_621' title='bbox 2132 4086 2300 4140; x_wconf 88' lang='lat' dir='ltr'><strong>errori</strong></span> <span class='ocrx_word' id='word_1_622' title='bbox 2333 4086 2567 4141; x_wconf 87' lang='lat' dir='ltr'><strong>dedisse.</strong></span> <span class='ocrx_word' id='word_1_623' title='bbox 2619 4087 2692 4140; x_wconf 93' lang='lat' dir='ltr'><strong>lta</strong></span> <span class='ocrx_word' id='word_1_624' title='bbox 2734 4086 2980 4155; x_wconf 82' lang='lat' dir='ltr'><strong>quamvis</strong></span> <span class='ocrx_word' id='word_1_625' title='bbox 3008 4086 3325 4141; x_wconf 90' lang='lat' dir='ltr'><strong>damnemus</strong></span> <span class='ocrx_word' id='word_1_626' title='bbox 3374 4087 3731 4143; x_wconf 78' lang='lat' dir='ltr'><strong>Ncsmrianos</strong></span> 
     </span>
    </p>
   </div>
   <div class='ocr_carea' id='block_1_87' title="bbox 2134 4177 3734 4248">
    <p class='ocr_par' dir='ltr' id='par_1_87' title="bbox 2134 4177 3734 4248">
     <span class='ocr_line' id='line_1_87' title="bbox 2134 4177 3734 4248; baseline 0.002 -19"><span class='ocrx_word' id='word_1_627' title='bbox 2134 4179 2201 4230; x_wconf 85' lang='lat' dir='ltr'><strong>ah</strong></span> <span class='ocrx_word' id='word_1_628' title='bbox 2245 4178 2481 4232; x_wconf 76' lang='lat' dir='ltr'><strong>Ect-lesia</strong></span> <span class='ocrx_word' id='word_1_629' title='bbox 2522 4186 2821 4245; x_wconf 88' lang='lat' dir='ltr'><strong>separatos,</strong></span> <span class='ocrx_word' id='word_1_630' title='bbox 2859 4194 2963 4231; x_wconf 89' lang='lat' dir='ltr'><strong>non</strong></span> <span class='ocrx_word' id='word_1_631' title='bbox 2997 4186 3173 4231; x_wconf 86' lang='lat' dir='ltr'><strong>tamen</strong></span> <span class='ocrx_word' id='word_1_632' title='bbox 3205 4177 3525 4233; x_wconf 89' lang='lat' dir='ltr'><strong>damnamus</strong></span> <span class='ocrx_word' id='word_1_633' title='bbox 3571 4177 3734 4248; x_wconf 77' lang='lat' dir='ltr'><strong>Mop-</strong></span> 
     </span>
    </p>
   </div>
   <div class='ocr_carea' id='block_1_88' title="bbox 2136 4270 3735 4341">
    <p class='ocr_par' dir='ltr' id='par_1_88' title="bbox 2136 4270 3735 4341">
     <span class='ocr_line' id='line_1_88' title="bbox 2136 4270 3735 4341; baseline 0.001 -16"><span class='ocrx_word' id='word_1_634' title='bbox 2136 4282 2443 4325; x_wconf 79' lang='lat' dir='ltr'><strong>suestenutn</strong></span> <span class='ocrx_word' id='word_1_635' title='bbox 2475 4271 2842 4336; x_wconf 84' lang='lat' dir='ltr'><strong>Theodorum,</strong></span> <span class='ocrx_word' id='word_1_636' title='bbox 2874 4271 2963 4341; x_wconf 91' lang='lat' dir='ltr'><strong>qui</strong></span> <span class='ocrx_word' id='word_1_637' title='bbox 3010 4271 3207 4325; x_wconf 86' lang='lat' dir='ltr'><strong>nullius</strong></span> <span class='ocrx_word' id='word_1_638' title='bbox 3253 4270 3616 4325; x_wconf 87' lang='lat' dir='ltr'><strong>attatltematis</strong></span> <span class='ocrx_word' id='word_1_639' title='bbox 3652 4272 3735 4327; x_wconf 86' lang='lat' dir='ltr'><strong>in-</strong></span> 
     </span>
    </p>
   </div>
   <div class='ocr_carea' id='block_1_89' title="bbox 2139 4362 3738 4434">
    <p class='ocr_par' dir='ltr' id='par_1_89' title="bbox 2139 4362 3738 4434">
     <span class='ocr_line' id='line_1_89' title="bbox 2139 4362 3738 4434; baseline -0.001 -16"><span class='ocrx_word' id='word_1_640' title='bbox 2139 4365 2484 4434; x_wconf 87' lang='lat' dir='ltr'><strong>terpositione</strong></span> <span class='ocrx_word' id='word_1_641' title='bbox 2513 4364 2582 4417; x_wconf 88' lang='lat' dir='ltr'><strong>ab</strong></span> <span class='ocrx_word' id='word_1_642' title='bbox 2618 4364 2850 4419; x_wconf 80' lang='lat' dir='ltr'><strong>Ecclesia</strong></span> <span class='ocrx_word' id='word_1_643' title='bbox 2876 4363 2896 4394; x_wconf 89' lang='grc'>³</span> <span class='ocrx_word' id='word_1_644' title='bbox 2931 4362 3131 4427; x_wconf 86' lang='lat' dir='ltr'><strong>divisit,</strong></span> <span class='ocrx_word' id='word_1_645' title='bbox 3168 4364 3249 4415; x_wconf 91' lang='lat' dir='ltr'><strong>vel</strong></span> <span class='ocrx_word' id='word_1_646' title='bbox 3281 4364 3325 4416; x_wconf 90' lang='lat' dir='ltr'><strong>si</strong></span> <span class='ocrx_word' id='word_1_647' title='bbox 3354 4362 3555 4431; x_wconf 87' lang='lat' dir='ltr'><strong>aliquid</strong></span> <span class='ocrx_word' id='word_1_648' title='bbox 3593 4362 3738 4417; x_wconf 80' lang='lat' dir='ltr'><strong>seri-</strong></span> 
     </span>
    </p>
   </div>
   <div class='ocr_carea' id='block_1_90' title="bbox 2144 4455 3735 4527">
    <p class='ocr_par' dir='ltr' id='par_1_90' title="bbox 2144 4455 3735 4527">
     <span class='ocr_line' id='line_1_90' title="bbox 2144 4455 3735 4527; baseline -0.001 -16"><span class='ocrx_word' id='word_1_649' title='bbox 2144 4459 2268 4526; x_wconf 79' lang='lat' dir='ltr'><strong>psit,</strong></span> <span class='ocrx_word' id='word_1_650' title='bbox 2312 4458 2454 4527; x_wconf 90' lang='lat' dir='ltr'><strong>quod</strong></span> <span class='ocrx_word' id='word_1_651' title='bbox 2486 4456 2623 4512; x_wconf 88' lang='lat' dir='ltr'><strong>forte</strong></span> <span class='ocrx_word' id='word_1_652' title='bbox 2653 4470 2793 4512; x_wconf 85' lang='lat' dir='ltr'><strong>nunc</strong></span> <span class='ocrx_word' id='word_1_653' title='bbox 2834 4456 3045 4511; x_wconf 81' lang='lat' dir='ltr'><strong>videtur</strong></span> <span class='ocrx_word' id='word_1_654' title='bbox 3084 4456 3420 4511; x_wconf 73' lang='lat' dir='ltr'><strong>occasionettt</strong></span> <span class='ocrx_word' id='word_1_655' title='bbox 3451 4455 3735 4511; x_wconf 71' lang='lat' dir='ltr'><strong>Nestoris-</strong></span> 
     </span>
    </p>
   </div>
   <div class='ocr_carea' id='block_1_91' title="bbox 445 4632 2023 4717">
    <p class='ocr_par' dir='ltr' id='par_1_91' title="bbox 445 4632 2023 4717">
     <span class='ocr_line' id='line_1_91' title="bbox 445 4632 2023 4717; baseline 0.004 -31"><span class='ocrx_word' id='word_1_656' title='bbox 445 4655 543 4717; x_wconf 60' lang='grc' dir='ltr'><strong>ρωγ</strong></span> <span class='ocrx_word' id='word_1_657' title='bbox 584 4641 745 4717; x_wconf 51' lang='lat' dir='ltr'><strong>nunriis</strong></span> <span class='ocrx_word' id='word_1_658' title='bbox 778 4632 971 4717; x_wconf 52' lang='grc' dir='ltr'><strong>βοῦγαι</strong></span> <span class='ocrx_word' id='word_1_659' title='bbox 1006 4640 1148 4705; x_wconf 78' lang='grc' dir='ltr'><strong>Μηνᾷ</strong></span> <span class='ocrx_word' id='word_1_660' title='bbox 1194 4642 1267 4708; x_wconf 81' lang='grc' dir='ltr'><strong>τῷ</strong></span> <span class='ocrx_word' id='word_1_661' title='bbox 1304 4636 1872 4717; x_wconf 49' lang='grc' dir='ltr'><strong>Κωνσταντινονπῇεως</strong></span> <span class='ocrx_word' id='word_1_662' title='bbox 1904 4638 2023 4717; x_wconf 74' lang='grc' dir='ltr'><strong>⁸ἔπι-</strong></span> 
     </span>
    </p>
   </div>
   <div class='ocr_carea' id='block_1_92' title="bbox 2130 4632 3738 4717">
    <p class='ocr_par' dir='ltr' id='par_1_92' title="bbox 2146 4632 3738 4717">
     <span class='ocr_line' id='line_1_92' title="bbox 2146 4632 3738 4717; baseline -0.002 -27"><span class='ocrx_word' id='word_1_663' title='bbox 2146 4646 2278 4717; x_wconf 75' lang='lat' dir='ltr'><strong>tum,</strong></span> <span class='ocrx_word' id='word_1_664' title='bbox 2311 4654 2455 4717; x_wconf 78' lang='lat' dir='ltr'><strong>nunc</strong></span> <span class='ocrx_word' id='word_1_665' title='bbox 2490 4639 2839 4717; x_wconf 83' lang='lat' dir='ltr'><strong>constitutum</strong></span> <span class='ocrx_word' id='word_1_666' title='bbox 2872 4647 3054 4703; x_wconf 87' lang='lat' dir='ltr'><strong>vocat;</strong></span> <span class='ocrx_word' id='word_1_667' title='bbox 3092 4632 3738 4717; x_wconf 43' lang='lat' dir='ltr'><strong>prolattttnquc‘ostendit</strong></span> 
     </span>
    </p>
   </div>
   <div class='ocr_carea' id='block_1_93' title="bbox 446 4707 2031 4787">
    <p class='ocr_par' dir='ltr' id='par_1_93' title="bbox 446 4707 2031 4787">
     <span class='ocr_line' id='line_1_93' title="bbox 446 4707 2031 4787; baseline 0.002 -29"><span class='ocrx_word' id='word_1_668' title='bbox 446 4707 619 4775; x_wconf 65' lang='grc' dir='ltr'><strong>ὸκόπῳ</strong></span> <span class='ocrx_word' id='word_1_669' title='bbox 665 4707 1048 4787; x_wconf 38' lang='grc' dir='ltr'><strong>είςκξιπιτίμῖιον.</strong></span> <span class='ocrx_word' id='word_1_670' title='bbox 1096 4710 1265 4787; x_wconf 70' lang='lat' dir='ltr'><strong>Quem</strong></span> <span class='ocrx_word' id='word_1_671' title='bbox 1313 4718 1488 4787; x_wconf 77' lang='lat' dir='ltr'><strong>tamen</strong></span> <span class='ocrx_word' id='word_1_672' title='bbox 1515 4719 1700 4787; x_wconf 80' lang='lat' dir='ltr'><strong>postea</strong></span> <span class='ocrx_word' id='word_1_673' title='bbox 1734 4707 2031 4761; x_wconf 79' lang='lat' dir='ltr'><strong>Titeudora:</strong></span> 
     </span>
    </p>
   </div>
   <div class='ocr_carea' id='block_1_94' title="bbox 447 4776 2027 4844">
    <p class='ocr_par' dir='ltr' id='par_1_94' title="bbox 447 4776 2027 4844">
     <span class='ocr_line' id='line_1_94' title="bbox 447 4776 2027 4844; baseline 0.003 -18"><span class='ocrx_word' id='word_1_674' title='bbox 447 4787 651 4841; x_wconf 79' lang='lat' dir='ltr'><strong>rogatu,</strong></span> <span class='ocrx_word' id='word_1_675' title='bbox 676 4776 1104 4838; x_wconf 82' lang='lat' dir='ltr'><strong>ut&#39;l‘lteophattes</strong></span> <span class='ocrx_word' id='word_1_676' title='bbox 1133 4776 1271 4830; x_wconf 86' lang='lat' dir='ltr'><strong>idem</strong></span> <span class='ocrx_word' id='word_1_677' title='bbox 1306 4779 1429 4831; x_wconf 66' lang='lat' dir='ltr'><strong>refe.</strong></span> <span class='ocrx_word' id='word_1_678' title='bbox 1450 4788 1488 4844; x_wconf 87' lang='lat' dir='ltr'><strong>t,</strong></span> <span class='ocrx_word' id='word_1_679' title='bbox 1514 4776 1566 4829; x_wconf 92' lang='lat' dir='ltr'><strong>in</strong></span> <span class='ocrx_word' id='word_1_680' title='bbox 1598 4780 2027 4832; x_wconf 82' lang='lat' dir='ltr'><strong>comtttmtionent</strong></span> 
     </span>
    </p>
   </div>
   <div class='ocr_carea' id='block_1_95' title="bbox 448 4844 1052 4911">
    <p class='ocr_par' dir='ltr' id='par_1_95' title="bbox 448 4844 1052 4911">
     <span class='ocr_line' id='line_1_95' title="bbox 448 4844 1052 4911; baseline -0.007 -9"><span class='ocrx_word' id='word_1_681' title='bbox 448 4847 649 4911; x_wconf 80' lang='lat' dir='ltr'><strong>recepit</strong></span> <span class='ocrx_word' id='word_1_682' title='bbox 680 4845 766 4898; x_wconf 88' lang='lat' dir='ltr'><strong>die</strong></span> <span class='ocrx_word' id='word_1_683' title='bbox 794 4845 864 4900; x_wconf 67' lang='lat'><strong>‘29</strong></span> <span class='ocrx_word' id='word_1_684' title='bbox 891 4844 1052 4899; x_wconf 78' lang='lat' dir='ltr'><strong>Junii.</strong></span> 
     </span>
    </p>
   </div>
   <div class='ocr_carea' id='block_1_96' title="bbox 434 4914 2028 4985">
    <p class='ocr_par' dir='ltr' id='par_1_96' title="bbox 434 4914 2028 4985">
     <span class='ocr_line' id='line_1_96' title="bbox 434 4914 2028 4985; baseline 0.003 -17"><span class='ocrx_word' id='word_1_685' title='bbox 434 4938 435 4941; x_wconf 53' lang='grc' dir='ltr'><strong>η</strong></span> <span class='ocrx_word' id='word_1_686' title='bbox 518 4925 543 4952; x_wconf 79' lang='grc' dir='ltr'>ι</span> <span class='ocrx_word' id='word_1_687' title='bbox 588 4916 659 4969; x_wconf 85' lang='lat' dir='ltr'><strong>De</strong></span> <span class='ocrx_word' id='word_1_688' title='bbox 685 4930 791 4985; x_wconf 91' lang='lat' dir='ltr'><strong>quo</strong></span> <span class='ocrx_word' id='word_1_689' title='bbox 820 4918 1063 4983; x_wconf 80' lang='lat' dir='ltr'><strong>proxime</strong></span> <span class='ocrx_word' id='word_1_690' title='bbox 1088 4914 1199 4985; x_wconf 91' lang='lat' dir='ltr'><strong>jatn</strong></span> <span class='ocrx_word' id='word_1_691' title='bbox 1223 4918 1420 4971; x_wconf 89' lang='lat' dir='ltr'><strong>dictum</strong></span> <span class='ocrx_word' id='word_1_692' title='bbox 1450 4926 1553 4971; x_wconf 90' lang='lat' dir='ltr'><strong>est.</strong></span> <span class='ocrx_word' id='word_1_693' title='bbox 1577 4916 1771 4971; x_wconf 88' lang='lat' dir='ltr'><strong>Clerici</strong></span> <span class='ocrx_word' id='word_1_694' title='bbox 1801 4917 2028 4972; x_wconf 79' lang='lat' dir='ltr'><strong>Romani</strong></span> 
     </span>
    </p>
   </div>
   <div class='ocr_carea' id='block_1_97' title="bbox 445 4986 2031 5056">
    <p class='ocr_par' dir='ltr' id='par_1_97' title="bbox 445 4986 2031 5056">
     <span class='ocr_line' id='line_1_97' title="bbox 445 4986 2031 5056; baseline 0.003 -17"><span class='ocrx_word' id='word_1_695' title='bbox 445 4986 510 5040; x_wconf 89' lang='lat' dir='ltr'><strong>ad</strong></span> <span class='ocrx_word' id='word_1_696' title='bbox 558 4986 882 5041; x_wconf 79' lang='lat' dir='ltr'><strong>Francorum</strong></span> <span class='ocrx_word' id='word_1_697' title='bbox 932 4986 1133 5056; x_wconf 74' lang='lat' dir='ltr'><strong>legatos</strong></span> <span class='ocrx_word' id='word_1_698' title='bbox 1173 4992 1518 5042; x_wconf 89' lang='lat' dir='ltr'><strong>constitutum</strong></span> <span class='ocrx_word' id='word_1_699' title='bbox 1579 4990 1871 5056; x_wconf 89' lang='lat' dir='ltr'><strong>appellant.</strong></span> <span class='ocrx_word' id='word_1_700' title='bbox 1920 4990 2031 5043; x_wconf 87' lang='lat' dir='ltr'><strong>Hoc</strong></span> 
     </span>
    </p>
   </div>
   <div class='ocr_carea' id='block_1_98' title="bbox 447 5058 2030 5130">
    <p class='ocr_par' dir='ltr' id='par_1_98' title="bbox 447 5058 2030 5130">
     <span class='ocr_line' id='line_1_98' title="bbox 447 5058 2030 5130; baseline 0.003 -21"><span class='ocrx_word' id='word_1_701' title='bbox 447 5058 588 5130; x_wconf 82' lang='lat' dir='ltr'><strong>enim</strong></span> <span class='ocrx_word' id='word_1_702' title='bbox 620 5068 701 5111; x_wconf 88' lang='lat' dir='ltr'><strong>est</strong></span> <span class='ocrx_word' id='word_1_703' title='bbox 731 5060 893 5130; x_wconf 19' lang='lat' dir='ltr'><strong>quod;</strong></span> <span class='ocrx_word' id='word_1_704' title='bbox 915 5058 980 5110; x_wconf 85' lang='lat' dir='ltr'><strong>ab</strong></span> <span class='ocrx_word' id='word_1_705' title='bbox 1022 5059 1343 5124; x_wconf 85' lang='lat' dir='ltr'><strong>imperatore</strong></span> <span class='ocrx_word' id='word_1_706' title='bbox 1373 5072 1553 5128; x_wconf 76' lang='lat' dir='ltr'><strong>postea</strong></span> <span class='ocrx_word' id='word_1_707' title='bbox 1586 5061 1853 5127; x_wconf 85' lang='lat' dir='ltr'><strong>recepisse</strong></span> <span class='ocrx_word' id='word_1_708' title='bbox 1887 5060 2030 5130; x_wconf 71' lang='lat' dir='ltr'><strong>Vigi-</strong></span> 
     </span>
    </p>
   </div>
   <div class='ocr_carea' id='block_1_99' title="bbox 449 5128 2031 5196">
    <p class='ocr_par' dir='ltr' id='par_1_99' title="bbox 449 5128 2031 5196">
     <span class='ocr_line' id='line_1_99' title="bbox 449 5128 2031 5196; baseline 0.003 -17"><span class='ocrx_word' id='word_1_709' title='bbox 449 5128 576 5180; x_wconf 80' lang='lat' dir='ltr'><strong>ltum</strong></span> <span class='ocrx_word' id='word_1_710' title='bbox 601 5140 834 5181; x_wconf 88' lang='lat' dir='ltr'><strong>narrant.</strong></span> <span class='ocrx_word' id='word_1_711' title='bbox 870 5128 1139 5192; x_wconf 72' lang='lat' dir='ltr'><strong>l’rwslittt,</strong></span> <span class='ocrx_word' id='word_1_712' title='bbox 1170 5130 1432 5196; x_wconf 88' lang='lat' dir='ltr'><strong>inquiunt,</strong></span> <span class='ocrx_word' id='word_1_713' title='bbox 1470 5130 1604 5183; x_wconf 77' lang='lat' dir='ltr'><strong>Deus</strong></span> <span class='ocrx_word' id='word_1_714' title='bbox 1634 5134 1807 5184; x_wconf 85' lang='lat' dir='ltr'><strong>uthac</strong></span> <span class='ocrx_word' id='word_1_715' title='bbox 1831 5128 2031 5185; x_wconf 74' lang='lat' dir='ltr'><strong>ratione</strong></span> 
     </span>
    </p>
   </div>
   <div class='ocr_carea' id='block_1_100' title="bbox 446 5199 2033 5270">
    <p class='ocr_par' dir='ltr' id='par_1_100' title="bbox 446 5199 2033 5270">
     <span class='ocr_line' id='line_1_100' title="bbox 446 5199 2033 5270; baseline 0.003 -21"><span class='ocrx_word' id='word_1_716' title='bbox 446 5207 650 5270; x_wconf 65' lang='lat' dir='ltr'><strong>sanctus</strong></span> <span class='ocrx_word' id='word_1_717' title='bbox 678 5215 813 5268; x_wconf 85' lang='lat' dir='ltr'><strong>papa</strong></span> <span class='ocrx_word' id='word_1_718' title='bbox 864 5199 1077 5270; x_wconf 82' lang='lat' dir='ltr'><strong>Vigilius</strong></span> <span class='ocrx_word' id='word_1_719' title='bbox 1115 5203 1445 5254; x_wconf 83' lang='lat' dir='ltr'><strong>constitutum</strong></span> <span class='ocrx_word' id='word_1_720' title='bbox 1480 5201 1618 5270; x_wconf 85' lang='lat' dir='ltr'><strong>quod</strong></span> <span class='ocrx_word' id='word_1_721' title='bbox 1652 5202 1705 5254; x_wconf 85' lang='lat' dir='ltr'><strong>in</strong></span> <span class='ocrx_word' id='word_1_722' title='bbox 1735 5203 1847 5266; x_wconf 84' lang='lat' dir='ltr'><strong>ipsa</strong></span> <span class='ocrx_word' id='word_1_723' title='bbox 1877 5217 2033 5254; x_wconf 83' lang='lat' dir='ltr'><strong>causa</strong></span> 
     </span>
    </p>
   </div>
   <div class='ocr_carea' id='block_1_101' title="bbox 448 5268 2028 5340">
    <p class='ocr_par' dir='ltr' id='par_1_101' title="bbox 448 5268 2028 5340">
     <span class='ocr_line' id='line_1_101' title="bbox 448 5268 2028 5340; baseline 0.004 -23"><span class='ocrx_word' id='word_1_724' title='bbox 448 5268 656 5340; x_wconf 61' lang='grc' dir='ltr'><strong>μαῖαι,</strong></span> <span class='ocrx_word' id='word_1_725' title='bbox 690 5270 888 5340; x_wconf 70' lang='lat' dir='ltr'><strong>publica</strong></span> <span class='ocrx_word' id='word_1_726' title='bbox 920 5268 971 5324; x_wconf 83' lang='lat' dir='ltr'><strong>in</strong></span> <span class='ocrx_word' id='word_1_727' title='bbox 1004 5282 1247 5324; x_wconf 79' lang='lat' dir='ltr'><strong>conventu</strong></span> <span class='ocrx_word' id='word_1_728' title='bbox 1276 5268 1541 5340; x_wconf 72' lang='lat' dir='ltr'><strong>reciperet,</strong></span> <span class='ocrx_word' id='word_1_729' title='bbox 1576 5272 1882 5326; x_wconf 78' lang='lat' dir='ltr'><strong>denuntians</strong></span> <span class='ocrx_word' id='word_1_730' title='bbox 1906 5273 2028 5337; x_wconf 88' lang='lat' dir='ltr'><strong>quia</strong></span> 
     </span>
    </p>
   </div>
   <div class='ocr_carea' id='block_1_102' title="bbox 450 5337 2028 5410">
    <p class='ocr_par' dir='ltr' id='par_1_102' title="bbox 450 5337 2028 5410">
     <span class='ocr_line' id='line_1_102' title="bbox 450 5337 2028 5410; baseline 0.003 -20"><span class='ocrx_word' id='word_1_731' title='bbox 450 5338 495 5390; x_wconf 84' lang='lat' dir='ltr'><strong>si</strong></span> <span class='ocrx_word' id='word_1_732' title='bbox 531 5338 643 5410; x_wconf 78' lang='lat' dir='ltr'><strong>quis</strong></span> <span class='ocrx_word' id='word_1_733' title='bbox 685 5337 978 5393; x_wconf 72' lang='lat' dir='ltr'><strong>Cnet-orum</strong></span> <span class='ocrx_word' id='word_1_734' title='bbox 1027 5337 1390 5408; x_wconf 38' lang='lat' dir='ltr'><strong>episwporum&#39;</strong></span> <span class='ocrx_word' id='word_1_735' title='bbox 1426 5337 1584 5410; x_wconf 79' lang='lat' dir='ltr'><strong>usque</strong></span> <span class='ocrx_word' id='word_1_736' title='bbox 1620 5342 1689 5393; x_wconf 82' lang='lat' dir='ltr'><strong>ad</strong></span> <span class='ocrx_word' id='word_1_737' title='bbox 1730 5343 2028 5395; x_wconf 82' lang='lat' dir='ltr'><strong>universalis</strong></span> 
     </span>
    </p>
   </div>
   <div class='ocr_carea' id='block_1_103' title="bbox 448 5409 2031 5481">
    <p class='ocr_par' dir='ltr' id='par_1_103' title="bbox 448 5409 2031 5481">
     <span class='ocr_line' id='line_1_103' title="bbox 448 5409 2031 5481; baseline 0.004 -23"><span class='ocrx_word' id='word_1_738' title='bbox 448 5409 945 5481; x_wconf 10' lang='lat' dir='ltr'><strong>coniciliirtractamm</strong></span> <span class='ocrx_word' id='word_1_739' title='bbox 973 5414 1035 5463; x_wconf 87' lang='lat' dir='ltr'><strong>de</strong></span> <span class='ocrx_word' id='word_1_740' title='bbox 1058 5413 1165 5466; x_wconf 82' lang='lat' dir='ltr'><strong>istis</strong></span> <span class='ocrx_word' id='word_1_741' title='bbox 1196 5412 1444 5480; x_wconf 83' lang='lat' dir='ltr'><strong>Capitulis</strong></span> <span class='ocrx_word' id='word_1_742' title='bbox 1470 5409 1664 5477; x_wconf 77' lang='lat' dir='ltr'><strong>aliquid</strong></span> <span class='ocrx_word' id='word_1_743' title='bbox 1695 5414 1913 5481; x_wconf 76' lang='lat' dir='ltr'><strong>fecisset,</strong></span> <span class='ocrx_word' id='word_1_744' title='bbox 1944 5423 2031 5465; x_wconf 86' lang='lat' dir='ltr'><strong>aut</strong></span> 
     </span>
    </p>
   </div>
   <div class='ocr_carea' id='block_1_104' title="bbox 450 5476 2034 5550">
    <p class='ocr_par' dir='ltr' id='par_1_104' title="bbox 450 5476 2034 5550">
     <span class='ocr_line' id='line_1_104' title="bbox 450 5476 2034 5550; baseline 0.006 -22"><span class='ocrx_word' id='word_1_745' title='bbox 450 5476 745 5550; x_wconf 66' lang='lat' dir='ltr'><strong>facientibus</strong></span> <span class='ocrx_word' id='word_1_746' title='bbox 775 5483 1121 5547; x_wconf 73' lang='lat' dir='ltr'><strong>acquievisset,</strong></span> <span class='ocrx_word' id='word_1_747' title='bbox 1147 5500 1177 5534; x_wconf 83' lang='grc' dir='ltr'><em>α</em></span> <span class='ocrx_word' id='word_1_748' title='bbox 1205 5476 1561 5538; x_wconf 78' lang='lat' dir='ltr'><strong>communione</strong></span> <span class='ocrx_word' id='word_1_749' title='bbox 1582 5476 1716 5536; x_wconf 49' lang='lat' dir='ltr'><strong>sedi&#39;s</strong></span> <span class='ocrx_word' id='word_1_750' title='bbox 1737 5484 2034 5550; x_wconf 77' lang='lat' dir='ltr'><strong>apostolica:</strong></span> 
     </span>
    </p>
   </div>
   <div class='ocr_carea' id='block_1_105' title="bbox 450 5545 2031 5623">
    <p class='ocr_par' dir='ltr' id='par_1_105' title="bbox 450 5545 2031 5623">
     <span class='ocr_line' id='line_1_105' title="bbox 450 5545 2031 5623; baseline 0.004 -24"><span class='ocrx_word' id='word_1_751' title='bbox 450 5545 648 5623; x_wconf 71' lang='lat' dir='ltr'><strong>alienus</strong></span> <span class='ocrx_word' id='word_1_752' title='bbox 678 5545 931 5623; x_wconf 72' lang='lat' dir='ltr'><strong>existeret.</strong></span> <span class='ocrx_word' id='word_1_753' title='bbox 974 5553 1045 5605; x_wconf 87' lang='lat' dir='ltr'><strong>De</strong></span> <span class='ocrx_word' id='word_1_754' title='bbox 1076 5556 1176 5606; x_wconf 83' lang='lat' dir='ltr'><strong>hoc</strong></span> <span class='ocrx_word' id='word_1_755' title='bbox 1207 5555 1366 5606; x_wconf 86' lang='lat' dir='ltr'><strong>etiam</strong></span> <span class='ocrx_word' id='word_1_756' title='bbox 1395 5568 1559 5623; x_wconf 85' lang='lat' dir='ltr'><strong>agens</strong></span> <span class='ocrx_word' id='word_1_757' title='bbox 1581 5545 1805 5622; x_wconf 50' lang='lat' dir='ltr'><strong>Vigiliu&#39;s</strong></span> <span class='ocrx_word' id='word_1_758' title='bbox 1839 5555 1953 5621; x_wconf 87' lang='lat' dir='ltr'><strong>ipse</strong></span> <span class='ocrx_word' id='word_1_759' title='bbox 1982 5556 2031 5607; x_wconf 88' lang='lat' dir='ltr'><strong>itt</strong></span> 
     </span>
    </p>
   </div>
   <div class='ocr_carea' id='block_1_106' title="bbox 451 5619 2031 5695">
    <p class='ocr_par' dir='ltr' id='par_1_106' title="bbox 451 5619 2031 5695">
     <span class='ocr_line' id='line_1_106' title="bbox 451 5619 2031 5695; baseline 0.005 -23"><span class='ocrx_word' id='word_1_760' title='bbox 451 5619 670 5687; x_wconf 70' lang='lat' dir='ltr'><strong>epistula</strong></span> <span class='ocrx_word' id='word_1_761' title='bbox 702 5626 766 5673; x_wconf 87' lang='lat' dir='ltr'><strong>att</strong></span> <span class='ocrx_word' id='word_1_762' title='bbox 805 5622 1079 5675; x_wconf 73' lang='lat' dir='ltr'><strong>ltusticum</strong></span> <span class='ocrx_word' id='word_1_763' title='bbox 1117 5634 1170 5676; x_wconf 86' lang='lat' dir='ltr'><strong>et</strong></span> <span class='ocrx_word' id='word_1_764' title='bbox 1206 5619 1601 5693; x_wconf 69' lang='lat' dir='ltr'><strong>Sebastiattttttt,</strong></span> <span class='ocrx_word' id='word_1_765' title='bbox 1645 5619 1785 5681; x_wconf 77' lang='lat' dir='ltr'><strong>nunc</strong></span> <span class='ocrx_word' id='word_1_766' title='bbox 1825 5619 2031 5695; x_wconf 23' lang='lat' dir='ltr'><strong>judica-</strong></span> 
     </span>
    </p>
   </div>
   <div class='ocr_carea' id='block_1_107' title="bbox 520 5758 1570 5831">
    <p class='ocr_par' dir='ltr' id='par_1_107' title="bbox 520 5758 1570 5831">
     <span class='ocr_line' id='line_1_107' title="bbox 520 5758 1570 5831; baseline 0.003 -18"><span class='ocrx_word' id='word_1_767' title='bbox 520 5758 537 5831; x_wconf 47' lang='grc' dir='ltr'>ἦ</span> <span class='ocrx_word' id='word_1_768' title='bbox 576 5758 706 5813; x_wconf 86' lang='lat' dir='ltr'><strong>Cod.</strong></span> <span class='ocrx_word' id='word_1_769' title='bbox 745 5759 957 5815; x_wconf 45' lang='lat' dir='ltr'><strong>Veron&quot;</strong></span> <span class='ocrx_word' id='word_1_770' title='bbox 990 5762 1233 5831; x_wconf 72' lang='lat' dir='ltr'><strong>diaconus</strong></span> <span class='ocrx_word' id='word_1_771' title='bbox 1261 5761 1570 5831; x_wconf 62' lang='lat' dir='ltr'><strong>Stephanus.</strong></span> 
     </span>
    </p>
   </div>
   <div class='ocr_carea' id='block_1_108' title="bbox 518 5830 1204 5899">
    <p class='ocr_par' dir='ltr' id='par_1_108' title="bbox 518 5830 1204 5899">
     <span class='ocr_line' id='line_1_108' title="bbox 518 5830 1204 5899; baseline 0 -14"><span class='ocrx_word' id='word_1_772' title='bbox 518 5830 539 5862; x_wconf 73' lang='grc'>³</span> <span class='ocrx_word' id='word_1_773' title='bbox 580 5832 722 5886; x_wconf 82' lang='lat' dir='ltr'><strong>idem</strong></span> <span class='ocrx_word' id='word_1_774' title='bbox 754 5832 895 5899; x_wconf 83' lang='lat' dir='ltr'><strong>cod.,</strong></span> <span class='ocrx_word' id='word_1_775' title='bbox 934 5830 1204 5896; x_wconf 72' lang='lat' dir='ltr'><strong>deﬁxisset.</strong></span> 
     </span>
    </p>
   </div>
   <div class='ocr_carea' id='block_1_109' title="bbox 1058 6054 1099 6077">
    <p class='ocr_par' dir='ltr' id='par_1_109' title="bbox 1058 6054 1099 6077">
     <span class='ocr_line' id='line_1_109' title="bbox 1058 6054 1099 6077; baseline 0 0"><span class='ocrx_word' id='word_1_776' title='bbox 1058 6054 1099 6077; x_wconf 51' lang='grc' dir='ltr'><strong>κ</strong></span> 
     </span>
    </p>
   </div>
   <div class='ocr_carea' id='block_1_110' title="bbox 2139 4704 3738 4781">
    <p class='ocr_par' dir='ltr' id='par_1_110' title="bbox 2139 4704 3738 4781">
     <span class='ocr_line' id='line_1_110' title="bbox 2139 4704 3738 4781; baseline -0.004 -18"><span class='ocrx_word' id='word_1_777' title='bbox 2139 4710 2227 4764; x_wconf 90' lang='lat' dir='ltr'><strong>dic</strong></span> <span class='ocrx_word' id='word_1_778' title='bbox 2254 4704 2478 4765; x_wconf 74' lang='lat' dir='ltr'><strong>Sahbato</strong></span> <span class='ocrx_word' id='word_1_779' title='bbox 2502 4721 2707 4781; x_wconf 88' lang='lat' dir='ltr'><strong>sancto,</strong></span> <span class='ocrx_word' id='word_1_780' title='bbox 2734 4710 3061 4779; x_wconf 76' lang='lat' dir='ltr'><strong>miSsumque</strong></span> <span class='ocrx_word' id='word_1_781' title='bbox 3092 4704 3156 4763; x_wconf 80' lang='lat' dir='ltr'><strong>ad</strong></span> <span class='ocrx_word' id='word_1_782' title='bbox 3190 4708 3432 4781; x_wconf 68' lang='lat' dir='ltr'><strong>Hennam</strong></span> <span class='ocrx_word' id='word_1_783' title='bbox 3466 4704 3738 4781; x_wconf 76' lang='lat' dir='ltr'><strong>Constan-</strong></span> 
     </span>
    </p>
   </div>
   <div class='ocr_carea' id='block_1_111' title="bbox 2141 4775 3738 4850">
    <p class='ocr_par' dir='ltr' id='par_1_111' title="bbox 2141 4775 3738 4850">
     <span class='ocr_line' id='line_1_111' title="bbox 2141 4775 3738 4850; baseline -0.003 -16"><span class='ocrx_word' id='word_1_784' title='bbox 2141 4784 2574 4850; x_wconf 76' lang='lat' dir='ltr'><strong>tin0politanum.</strong></span> <span class='ocrx_word' id='word_1_785' title='bbox 2608 4780 2713 4834; x_wconf 87' lang='lat' dir='ltr'><strong>Sed</strong></span> <span class='ocrx_word' id='word_1_786' title='bbox 2746 4782 2900 4850; x_wconf 81' lang='lat' dir='ltr'><strong>longe</strong></span> <span class='ocrx_word' id='word_1_787' title='bbox 2929 4775 3207 4834; x_wconf 85' lang='lat' dir='ltr'><strong>diversum</strong></span> <span class='ocrx_word' id='word_1_788' title='bbox 3251 4780 3317 4830; x_wconf 88' lang='lat' dir='ltr'><strong>ab</strong></span> <span class='ocrx_word' id='word_1_789' title='bbox 3350 4776 3451 4829; x_wconf 88' lang='lat' dir='ltr'><strong>hoc</strong></span> <span class='ocrx_word' id='word_1_790' title='bbox 3485 4775 3738 4850; x_wconf 76' lang='lat' dir='ltr'><strong>iudicatu</strong></span> 
     </span>
    </p>
   </div>
   <div class='ocr_carea' id='block_1_112' title="bbox 2138 4846 3738 4921">
    <p class='ocr_par' dir='ltr' id='par_1_112' title="bbox 2138 4846 3738 4921">
     <span class='ocr_line' id='line_1_112' title="bbox 2138 4846 3738 4921; baseline -0.003 -17"><span class='ocrx_word' id='word_1_791' title='bbox 2138 4846 2281 4905; x_wconf 83' lang='lat' dir='ltr'><strong>aliud</strong></span> <span class='ocrx_word' id='word_1_792' title='bbox 2333 4853 2430 4906; x_wconf 85' lang='lat' dir='ltr'><strong>fuit</strong></span> <span class='ocrx_word' id='word_1_793' title='bbox 2474 4846 3013 4921; x_wconf 52' lang='lat' dir='ltr'><strong>constitutum&#39;quod</strong></span> <span class='ocrx_word' id='word_1_794' title='bbox 3064 4850 3398 4921; x_wconf 23' lang='lat' dir='ltr'><strong>Vigilius‘de</strong></span> <span class='ocrx_word' id='word_1_795' title='bbox 3437 4846 3631 4901; x_wconf 87' lang='lat' dir='ltr'><strong>eadem</strong></span> <span class='ocrx_word' id='word_1_796' title='bbox 3677 4860 3738 4921; x_wconf 70' lang='lat' dir='ltr'><strong>re</strong></span> 
     </span>
    </p>
   </div>
   <div class='ocr_carea' id='block_1_113' title="bbox 2138 4916 3738 4994">
    <p class='ocr_par' dir='ltr' id='par_1_113' title="bbox 2138 4916 3738 4994">
     <span class='ocr_line' id='line_1_113' title="bbox 2138 4916 3738 4994; baseline -0.006 -17"><span class='ocrx_word' id='word_1_797' title='bbox 2138 4924 2340 4992; x_wconf 82' lang='lat' dir='ltr'><strong>aliquot</strong></span> <span class='ocrx_word' id='word_1_798' title='bbox 2370 4934 2491 4993; x_wconf 85' lang='lat' dir='ltr'><strong>post</strong></span> <span class='ocrx_word' id='word_1_799' title='bbox 2518 4938 2709 4987; x_wconf 89' lang='lat' dir='ltr'><strong>annos,</strong></span> <span class='ocrx_word' id='word_1_800' title='bbox 2739 4938 2858 4977; x_wconf 91' lang='lat' dir='ltr'><strong>cum</strong></span> <span class='ocrx_word' id='word_1_801' title='bbox 2889 4916 3187 4993; x_wconf 31' lang='lat' dir='ltr'><strong>&#39;syttodus‘v</strong></span> <span class='ocrx_word' id='word_1_802' title='bbox 3220 4916 3738 4994; x_wconf 55' lang='lat' dir='ltr'><strong>incltoarctur,_ctli-</strong></span> 
     </span>
    </p>
   </div>
   <div class='ocr_carea' id='block_1_114' title="bbox 2138 4986 3735 5062">
    <p class='ocr_par' dir='ltr' id='par_1_114' title="bbox 2138 4986 3735 5062">
     <span class='ocr_line' id='line_1_114' title="bbox 2138 4986 3735 5062; baseline -0.005 -15"><span class='ocrx_word' id='word_1_803' title='bbox 2138 4986 2308 5047; x_wconf 48' lang='lat' dir='ltr'><strong>dit&#39;ad</strong></span> <span class='ocrx_word' id='word_1_804' title='bbox 2338 4986 2888 5062; x_wconf 79' lang='lat' dir='ltr'><strong>Justittiannmpritlie</strong></span> <span class='ocrx_word' id='word_1_805' title='bbox 2915 4986 3030 5047; x_wconf 72' lang='lat' dir='ltr'><strong>idus</strong></span> <span class='ocrx_word' id='word_1_806' title='bbox 3061 4994 3222 5046; x_wconf 84' lang='lat' dir='ltr'><strong>Maias</strong></span> <span class='ocrx_word' id='word_1_807' title='bbox 3252 4991 3307 5044; x_wconf 78' lang='lat' dir='ltr'><strong>l’.</strong></span> <span class='ocrx_word' id='word_1_808' title='bbox 3335 4989 3399 5062; x_wconf 9' lang='lat' dir='ltr'><strong>Cr.</strong></span> <span class='ocrx_word' id='word_1_809' title='bbox 3434 4988 3610 5041; x_wconf 84' lang='lat' dir='ltr'><strong>Basilii</strong></span> <span class='ocrx_word' id='word_1_810' title='bbox 3643 4986 3735 5039; x_wconf 67' lang='lat'><strong>1&#39;3.</strong></span> 
     </span>
    </p>
   </div>
   <div class='ocr_carea' id='block_1_115' title="bbox 2215 5061 3739 5132">
    <p class='ocr_par' dir='ltr' id='par_1_115' title="bbox 2215 5061 3739 5132">
     <span class='ocr_line' id='line_1_115' title="bbox 2215 5061 3739 5132; baseline -0.005 -14"><span class='ocrx_word' id='word_1_811' title='bbox 2215 5066 2238 5101; x_wconf 75' lang='grc' dir='ltr'>δ</span> <span class='ocrx_word' id='word_1_812' title='bbox 2283 5067 2391 5119; x_wconf 89' lang='lat' dir='ltr'><strong>lloe</strong></span> <span class='ocrx_word' id='word_1_813' title='bbox 2436 5076 2519 5120; x_wconf 88' lang='lat' dir='ltr'><strong>est</strong></span> <span class='ocrx_word' id='word_1_814' title='bbox 2564 5066 2794 5132; x_wconf 89' lang='lat' dir='ltr'><strong>ptituati.</strong></span> <span class='ocrx_word' id='word_1_815' title='bbox 2838 5064 2927 5119; x_wconf 90' lang='lat' dir='ltr'><strong>Sic</strong></span> <span class='ocrx_word' id='word_1_816' title='bbox 2965 5064 3108 5118; x_wconf 88' lang='lat' dir='ltr'><strong>enim</strong></span> <span class='ocrx_word' id='word_1_817' title='bbox 3152 5063 3221 5116; x_wconf 90' lang='lat' dir='ltr'><strong>ob</strong></span> <span class='ocrx_word' id='word_1_818' title='bbox 3247 5061 3421 5115; x_wconf 66' lang='lat' dir='ltr'><strong>(etatis</strong></span> <span class='ocrx_word' id='word_1_819' title='bbox 3461 5072 3739 5132; x_wconf 73' lang='lat' dir='ltr'><strong>prmroga-</strong></span> 
     </span>
    </p>
   </div>
   <div class='ocr_carea' id='block_1_116' title="bbox 2144 5129 3739 5205">
    <p class='ocr_par' dir='ltr' id='par_1_116' title="bbox 2144 5129 3739 5205">
     <span class='ocr_line' id='line_1_116' title="bbox 2144 5129 3739 5205; baseline -0.004 -19"><span class='ocrx_word' id='word_1_820' title='bbox 2144 5136 2300 5189; x_wconf 88' lang='lat' dir='ltr'><strong>tivam</strong></span> <span class='ocrx_word' id='word_1_821' title='bbox 2334 5129 2588 5205; x_wconf 79' lang='lat' dir='ltr'><strong>appellari</strong></span> <span class='ocrx_word' id='word_1_822' title='bbox 2646 5136 2832 5188; x_wconf 85' lang='lat' dir='ltr'><strong>solitos</strong></span> <span class='ocrx_word' id='word_1_823' title='bbox 2882 5136 2947 5205; x_wconf 64' lang='lat' dir='ltr'><strong>itt</strong></span> <span class='ocrx_word' id='word_1_824' title='bbox 2985 5134 3161 5188; x_wconf 84' lang='lat' dir='ltr'><strong>Africa</strong></span> <span class='ocrx_word' id='word_1_825' title='bbox 3211 5135 3464 5205; x_wconf 62' lang='lat' dir='ltr'><strong>primates</strong></span> <span class='ocrx_word' id='word_1_826' title='bbox 3510 5129 3739 5205; x_wconf 72' lang='lat' dir='ltr'><strong>provin-</strong></span> 
     </span>
    </p>
   </div>
   <div class='ocr_carea' id='block_1_117' title="bbox 2142 5200 3739 5261">
    <p class='ocr_par' dir='ltr' id='par_1_117' title="bbox 2142 5200 3739 5261">
     <span class='ocr_line' id='line_1_117' title="bbox 2142 5200 3739 5261; baseline -0.004 -3"><span class='ocrx_word' id='word_1_827' title='bbox 2142 5208 2347 5260; x_wconf 87' lang='lat' dir='ltr'><strong>ciarum</strong></span> <span class='ocrx_word' id='word_1_828' title='bbox 2370 5200 2502 5261; x_wconf 79' lang='lat' dir='ltr'><strong>alibi</strong></span> <span class='ocrx_word' id='word_1_829' title='bbox 2533 5205 2883 5259; x_wconf 89' lang='lat' dir='ltr'><strong>ostendimus.</strong></span> <span class='ocrx_word' id='word_1_830' title='bbox 2925 5204 3135 5259; x_wconf 85' lang='lat' dir='ltr'><strong>Primas</strong></span> <span class='ocrx_word' id='word_1_831' title='bbox 3160 5200 3338 5257; x_wconf 90' lang='lat' dir='ltr'><strong>autem</strong></span> <span class='ocrx_word' id='word_1_832' title='bbox 3374 5201 3606 5255; x_wconf 82' lang='lat' dir='ltr'><strong>Boethus</strong></span> <span class='ocrx_word' id='word_1_833' title='bbox 3634 5200 3739 5251; x_wconf 78' lang='lat' dir='ltr'><strong>fuit</strong></span> 
     </span>
    </p>
   </div>
   <div class='ocr_carea' id='block_1_118' title="bbox 2140 5267 3740 5347">
    <p class='ocr_par' dir='ltr' id='par_1_118' title="bbox 2140 5267 3740 5347">
     <span class='ocr_line' id='line_1_118' title="bbox 2140 5267 3740 5347; baseline -0.006 -18"><span class='ocrx_word' id='word_1_834' title='bbox 2140 5277 2429 5347; x_wconf 72' lang='lat' dir='ltr'><strong>Byzaccnte</strong></span> <span class='ocrx_word' id='word_1_835' title='bbox 2457 5277 2762 5347; x_wconf 63' lang='lat' dir='ltr'><strong>provincite.</strong></span> <span class='ocrx_word' id='word_1_836' title='bbox 2801 5276 2981 5347; x_wconf 83' lang='lat' dir='ltr'><strong>Victor</strong></span> <span class='ocrx_word' id='word_1_837' title='bbox 3012 5277 3063 5330; x_wconf 89' lang='lat' dir='ltr'><strong>itt</strong></span> <span class='ocrx_word' id='word_1_838' title='bbox 3091 5274 3359 5329; x_wconf 87' lang='lat' dir='ltr'><strong>Chronico</strong></span> <span class='ocrx_word' id='word_1_839' title='bbox 3390 5270 3503 5347; x_wconf 84' lang='lat' dir='ltr'><strong>:_P.</strong></span> <span class='ocrx_word' id='word_1_840' title='bbox 3536 5269 3596 5323; x_wconf 73' lang='grc' dir='ltr'><strong>(Σ.</strong></span> <span class='ocrx_word' id='word_1_841' title='bbox 3627 5267 3740 5321; x_wconf 78' lang='lat' dir='ltr'><strong>Ba-</strong></span> 
     </span>
    </p>
   </div>
   <div class='ocr_carea' id='block_1_119' title="bbox 2136 5343 3736 5410">
    <p class='ocr_par' dir='ltr' id='par_1_119' title="bbox 2136 5343 3736 5410">
     <span class='ocr_line' id='line_1_119' title="bbox 2136 5343 3736 5410; baseline -0.004 -11"><span class='ocrx_word' id='word_1_842' title='bbox 2136 5343 2239 5400; x_wconf 73' lang='lat' dir='ltr'><strong>siiii</strong></span> <span class='ocrx_word' id='word_1_843' title='bbox 2299 5348 2356 5400; x_wconf 88' lang='lat' dir='ltr'><strong>V.</strong></span> <span class='ocrx_word' id='word_1_844' title='bbox 2409 5343 2469 5403; x_wconf 65' lang='grc' dir='ltr'><strong>(ἐξ</strong></span> <span class='ocrx_word' id='word_1_845' title='bbox 2520 5363 2657 5400; x_wconf 90' lang='lat' dir='ltr'><strong>anno</strong></span> <span class='ocrx_word' id='word_1_846' title='bbox 2703 5346 2768 5399; x_wconf 73' lang='grc'><strong>12</strong></span> <span class='ocrx_word' id='word_1_847' title='bbox 2824 5346 3112 5400; x_wconf 68' lang='grc' dir='ltr'><strong>Ρνὶηωεὶιέε</strong></span> <span class='ocrx_word' id='word_1_848' title='bbox 3150 5359 3347 5410; x_wconf 80' lang='lat' dir='ltr'><strong>quoque</strong></span> <span class='ocrx_word' id='word_1_849' title='bbox 3400 5343 3736 5395; x_wconf 69' lang='lat' dir='ltr'><strong>Arwttaetcnst</strong></span> 
     </span>
    </p>
   </div>
   <div class='ocr_carea' id='block_1_120' title="bbox 2138 5410 3735 5488">
    <p class='ocr_par' dir='ltr' id='par_1_120' title="bbox 2138 5410 3735 5488">
     <span class='ocr_line' id='line_1_120' title="bbox 2138 5410 3735 5488; baseline -0.005 -17"><span class='ocrx_word' id='word_1_850' title='bbox 2138 5420 2444 5472; x_wconf 82' lang='lat' dir='ltr'><strong>monasterio</strong></span> <span class='ocrx_word' id='word_1_851' title='bbox 2491 5421 2767 5488; x_wconf 68' lang='lat' dir='ltr'><strong>relegatur.</strong></span> <span class='ocrx_word' id='word_1_852' title='bbox 2820 5417 2925 5473; x_wconf 84' lang='lat' dir='ltr'><strong>Sed</strong></span> <span class='ocrx_word' id='word_1_853' title='bbox 2976 5415 3153 5471; x_wconf 82' lang='lat' dir='ltr'><strong>Boclio</strong></span> <span class='ocrx_word' id='word_1_854' title='bbox 3206 5416 3423 5488; x_wconf 74' lang='lat' dir='ltr'><strong>primate</strong></span> <span class='ocrx_word' id='word_1_855' title='bbox 3473 5410 3735 5480; x_wconf 52' lang='lat' dir='ltr'><strong>Byzacia-ti</strong></span> 
     </span>
    </p>
   </div>
   <div class='ocr_carea' id='block_1_121' title="bbox 2137 5485 3732 5557">
    <p class='ocr_par' dir='ltr' id='par_1_121' title="bbox 2137 5485 3732 5557">
     <span class='ocr_line' id='line_1_121' title="bbox 2137 5485 3732 5557; baseline -0.005 -15"><span class='ocrx_word' id='word_1_856' title='bbox 2137 5490 2339 5542; x_wconf 77' lang='lat' dir='ltr'><strong>(ancilii</strong></span> <span class='ocrx_word' id='word_1_857' title='bbox 2366 5498 2525 5541; x_wconf 81' lang='lat' dir='ltr'><strong>morte</strong></span> <span class='ocrx_word' id='word_1_858' title='bbox 2571 5485 2845 5557; x_wconf 55' lang='lat' dir='ltr'><strong>p&#39;rtcvento,</strong></span> <span class='ocrx_word' id='word_1_859' title='bbox 2895 5498 2948 5541; x_wconf 88' lang='lat' dir='ltr'><strong>ut</strong></span> <span class='ocrx_word' id='word_1_860' title='bbox 2991 5489 3038 5542; x_wconf 87' lang='lat' dir='ltr'><strong>ei</strong></span> <span class='ocrx_word' id='word_1_861' title='bbox 3079 5485 3389 5551; x_wconf 78' lang='lat' dir='ltr'><strong>succederet,</strong></span> <span class='ocrx_word' id='word_1_862' title='bbox 3436 5490 3732 5537; x_wconf 72' lang='lat' dir='ltr'><strong>memorata</strong></span> 
     </span>
    </p>
   </div>
   <div class='ocr_carea' id='block_1_122' title="bbox 2137 5560 2979 5628">
    <p class='ocr_par' dir='ltr' id='par_1_122' title="bbox 2137 5560 2979 5628">
     <span class='ocr_line' id='line_1_122' title="bbox 2137 5560 2979 5628; baseline -0.001 -15"><span class='ocrx_word' id='word_1_863' title='bbox 2137 5561 2454 5614; x_wconf 83' lang='lat' dir='ltr'><strong>damnationi</strong></span> <span class='ocrx_word' id='word_1_864' title='bbox 2488 5562 2718 5628; x_wconf 80' lang='lat' dir='ltr'><strong>protinus</strong></span> <span class='ocrx_word' id='word_1_865' title='bbox 2744 5560 2979 5615; x_wconf 77' lang='lat' dir='ltr'><strong>assettsit.</strong></span> 
     </span>
    </p>
   </div>
   <div class='ocr_carea' id='block_1_123' title="bbox 2226 5760 3113 5829">
    <p class='ocr_par' dir='ltr' id='par_1_123' title="bbox 2226 5760 3113 5829">
     <span class='ocr_line' id='line_1_123' title="bbox 2226 5760 3113 5829; baseline -0.003 -10"><span class='ocrx_word' id='word_1_866' title='bbox 2226 5766 2244 5795; x_wconf 69' lang='grc' dir='ltr'><strong>δ</strong></span> <span class='ocrx_word' id='word_1_867' title='bbox 2286 5763 2413 5820; x_wconf 83' lang='lat' dir='ltr'><strong>Cod.</strong></span> <span class='ocrx_word' id='word_1_868' title='bbox 2452 5762 2665 5829; x_wconf 56' lang='lat' dir='ltr'><strong>Veron,</strong></span> <span class='ocrx_word' id='word_1_869' title='bbox 2700 5778 2749 5817; x_wconf 81' lang='lat' dir='ltr'><strong>sc</strong></span> <span class='ocrx_word' id='word_1_870' title='bbox 2775 5772 2835 5815; x_wconf 72' lang='lat' dir='ltr'><strong>ab</strong></span> <span class='ocrx_word' id='word_1_871' title='bbox 2868 5760 3113 5816; x_wconf 65' lang='lat' dir='ltr'><strong>Ecclesia.</strong></span> 
     </span>
    </p>
   </div>
  </div>
