3998 6202
418 287 521 344 867

1472 287 1773 371 FACUNDI
1821 288 2029 344 EPISC.
2074 286 2574 349 HERMIANENSlS

3594 294 3712 347 868

422 407 565 460 niam
602 401 996 459 communicare
1027 401 1317 457 timuerunt
1358 403 1525 459 beata:
1573 403 1848 458 memoria:
1898 403 2003 455 Μει-
2031 407 2086 467 Α
2110 405 2294 459 cadent
2325 408 2587 476 sequitur,
2638 406 2888 475 quoniam
2922 412 3060 458 sicut
3108 404 3299 460 videtis
3329 406 3596 462 actionem
3633 409 3715 462 illi

423 498 636 559 rianus‘
668 495 975 549 Doracenus
1015 503 1069 548 et
1111 493 1396 548 Basiliscus
1431 493 1769 550 Serdicensis
1799 494 2009 563 episco-

424 603 541 659 pus,
574 585 666 641 scd
696 594 746 640 ct
778 584 1117 654 Lampridius
1157 587 1435 655 presbyter
1464 596 1518 640 et
1545 585 1715 641 abbas
1760 585 2011 641 Hieroso-

422 676 664 748 tyuiitani
692 676 1028 741 monasterii,
1070 676 1344 732 Mucianus
1388 691 1482 732 eos
1519 674 2008 746 Conszantlmpoli,

424 781 482 826 ut
519 784 579 826 se
621 769 1049 835 commendaret,
1082 771 1132 823 in
1181 772 1499 841 gehennam,
1529 769 1731 825 abiisse
1777 769 2010 824 dicebat.

424 863 527 917 Sed
563 877 667 918 non
712 864 811 917 hac
838 862 918 915 via
955 864 1195 932 pergitur
1227 864 1279 916 in
1322 865 1647 934 gehennam,
1678 877 1838 932 quam
1873 863 2013 917 Hila-

423 952 536 1007 rius
573 967 693 1007 cunt
724 953 836 1006 suis
863 953 1104 1021 collegis,
1148 967 1307 1022 quam
1349 952 1708 1023 Hieronymus
1752 952 1920 1007 tenuit
1950 952 2011 1006 in

424 1058 584 1098 causa
617 1044 818 1099 Nicreni
850 1044 1081 1109 concilii,
1115 1060 1273 1112 quam
1304 1051 1380 1098 tot
1411 1045 1720 1113 apostolica:
1750 1044 1891 1099 sedis
1919 1059 2014 1096 an-

428 1137 620 1192 tistites
650 1148 832 1206 postea
864 1137 1035 1191 secuti
1084 1145 1226 1201 sunt,
1258 1150 1379 1190 cum
1411 1136 1740 1205 temporibus
1780 1135 2014 1191 Zenonis

426 1231 671 1285 viderent
717 1228 1165 1284 Chalcedonense
1215 1230 1497 1285 concilium
1547 1228 1796 1284 similiter
1842 1229 2015 1298 impu-

424 1321 599 1389 gnari.
632 1320 736 1376 Sed
762 1320 848 1374 illa
876 1320 1136 1390 gehennae
1167 1328 1251 1376 est
1287 1322 1393 1386 via,
1426 1334 1585 1391 quam
1611 1333 1710 1389 pro
1737 1320 2017 1375 voluntate

400 1399 723 1467 Constantii
752 1411 891 1479 apud
936 1412 1238 1467 Ariminum
1275 1422 1328 1467 et
1359 1412 1657 1467 Seleuciam
1687 1411 1906 1467 Isauria:
1935 1412 2017 1468 in-

428 1516 613 1572 gressa
653 1510 736 1557 est
769 1502 1100 1568 temporibus
1129 1503 1438 1559 Sirmiensis
1469 1502 1755 1559 multitudo
1799 1519 1812 1556 :
1853 1519 2013 1572 quam

426 1604 481 1649 ct
511 1595 612 1649 iste
635 1602 853 1649 secutus
873 1605 975 1657 est,
1005 1595 1094 1664 qui
1118 1593 1392 1650 Wandalis
1417 1594 1761 1665 regnantibus
1784 1593 2016 1650 Arianus

428 1684 560 1751 l‘uit;
595 1684 790 1741 deinde
812 1688 976 1754 imper
991 1686 1041 1740 io
1070 1685 1394 1740 succedente
1426 1685 1687 1755 Romano,
1720 1699 1841 1740 cum
1873 1693 2014 1740 tem-

2112 496 2405 550 consiliarii
2437 496 2806 566 praestiterunt
2839 512 2853 549 :
2885 510 2990 564 qua
3018 510 3124 549 non
3172 503 3483 561 contentus,
3529 498 3716 553 adhuc

2110 587 2316 642 ambire
2338 604 2442 642 non
2474 595 2652 643 cessat
2688 602 2752 642 ex
2785 586 3011 641 aliorum
3044 601 3255 655 quoque
3285 588 3585 657 perditione
3614 590 3717 641 ati-

2112 680 2236 749 quid
2287 679 2571 734 sublimius
2620 678 2866 748 adipisci.
2924 678 3015 732 Sic
3064 679 3261 748 quippe
3316 687 3560 747 tempore
3611 682 3719 735 isto

2116 770 2420 840 proﬁcitur;
2445 782 2498 825 et
2526 771 2696 825 sicubi
2727 779 2927 840 potest,
2961 784 3054 839 per
3081 771 3216 822 tales
3241 768 3513 839 adjutores
3532 773 3554 802 ⁸
3577 786 3720 824 cun-

2112 874 2265 918 sueta
2313 862 2574 932 nequitia,
2623 859 2949 919 testimoniis
2994 860 3493 915 inconvenientibus
3536 861 3720 915 unde-

2113 968 2325 1021 cunque
2353 953 2620 1015 collectis,
2640 954 2808 1007 .etiam
2840 951 2943 1006 hoc
2970 950 3178 1015 suadet,
3209 951 3351 1019 quod
3386 951 3509 1006 licet
3546 950 3717 1006 Chal-

2115 1045 2420 1100 cedonense
2461 1044 2747 1099 concilium
2797 1052 3134 1097 retractetur.
3186 1043 3287 1098 L‘bi
3334 1058 3464 1097 vero
3508 1043 3557 1097 id
3600 1060 3719 1097 non

2116 1145 2294 1204 pOtest
2332 1135 2584 1200 suadere,
2614 1144 2705 1187 aut
2734 1133 3025 1187 nefandum
3069 1134 3197 1187 illud
3222 1135 3518 1202 judicatum
3544 1151 3718 1190 excu-

2116 1235 2220 1291 sat,
2243 1236 2334 1280 aut
2356 1224 2862 1280 condemnationem
2886 1224 3124 1278 defendit
3145 1224 3508 1293 Mopsuesteni
3528 1226 3717 1281 Theo-

2116 1318 2263 1383 dori;
2294 1325 2387 1371 aut
2412 1318 2456 1371 si
2485 1316 2620 1370 nihil
2652 1317 2840 1369 horum
2873 1322 3071 1385 potest,
3103 1315 3204 1370 sub
3231 1317 3447 1371 nomine
3477 1317 3624 1386 pacis
3654 1329 3714 1372 et

2116 1408 2300 1477 regis,
2347 1409 2413 1460 ad
2483 1406 2739 1477 pollutam
2778 1405 3214 1460 communionem
3267 1407 3351 1461 vel
3397 1410 3713 1476 temporalis

2119 1500 2371 1554 utilitatis
2392 1499 2637 1567 cupidos,
2661 1499 2744 1553 vel
2767 1498 3011 1553 indoctos
3035 1505 3092 1552 et
3125 1496 3454 1567 improvidos
3476 1508 3713 1556 conatur

2116 1592 2377 1647 inducere
2409 1608 2424 1645 :
2456 1591 2574 1646 illos
2618 1590 2850 1646 invitatis
2886 1589 3360 1659 promissionibus,
3392 1592 3515 1646 istos
3554 1594 3713 1647 veri—

2117 1681 2385 1737 similibus
2414 1681 2709 1738 rationibus
2747 1684 2958 1750 lallens,
3001 1681 3092 1750 qui
3141 1678 3327 1749 legunt
3372 1691 3570 1735 tantum
3606 1684 3711 1739 vel

431 1794 562 1849 pore
590 1794 778 1834 versus
804 1787 889 1834 est
924 1778 1306 1833 iucatholicus
1333 1778 1637 1842 videretur;
1684 1792 1824 1832 nunc
1849 1777 2011 1832 etiam
2045 1775 2339 1851 Baudiuut
2381 1789 2501 1844 qua:
2556 1775 2753 1844 scripta
2800 1784 2945 1842 sunt,
2999 1787 3220 1832 causam
3270 1788 3400 1830 vero
3448 1789 3542 1844 pro
3586 1789 3710 1844 qua

426 1874 496 1927 de
543 1871 743 1942 palatio
793 1869 1117 1941 praeiudiciis
1165 1869 1363 1926 catholi
1396 1885 1444 1925 te
1495 1869 1772 1940 religionis
1812 1868 2013 1924 exortis

499 2073 513 2102 ¹
552 2070 690 2124 Cod.
728 2071 946 2133 Verum,
977 2070 1325 2124 Muriuiaims.

2115 1868 2313 1937 Scripta
2343 1875 2467 1922 sunt
2492 1881 2598 1920 non
2625 1866 2922 1935 requirunt.

2192 2065 2217 2099 ³
2257 2062 2401 2119 Idem
2432 2062 2575 2127 cod.,
2609 2061 2733 2114 tales
2760 2059 2947 2115 invenit
2973 2061 3250 2115 auditores.

550 2285 3126 2321 ww»

428 2292 1114 2321 rm

1688 2480 2507 2597 PAO!!an

691 2756 1599 2885 EPISTULA
1686 2750 2175 2883 FIDEI
2271 2746 3383 2881 CATHOLIC/E

959 3047 1074 3122 IN
1152 3043 1837 3118 DEFENSIONE
1910 3042 2274 3115 TRIUM
2353 3041 3175 3116 CAI’ITULORUM.

1438 3263 1520 3315 Ex
1545 3270 1680 3314 tomo
1708 3257 1804 3311 111
1833 3258 2099 3329 Spicilcgii
2124 3259 2299 3312 domui
2332 3258 2486 3312 Luca:
2508 3256 2747 3313 Duc/terit

1920 3467 2219 3483 ————‘

502 3638 678 3693 Movet
702 3635 959 3707 quosdam
1009 3645 1065 3691 et
1117 3635 1395 3706 requirunt
1423 3650 1542 3705 quae
1568 3635 1640 3692 sit
1670 3637 1827 3691 trium
1856 3633 2017 3705 Capi-

2130 3652 2487 3722 circunisepta
2521 3654 2587 3705 ab
2616 3654 2866 3708 omnibus
2900 3653 3193 3712 lucresibus
3215 3657 3552 3725 deuotauda,
3590 3677 3661 3716 ru
3690 3681 3724 3719 ιι

431 3728 664 3784 tulorum
694 3743 877 3795 causa,
928 3744 1023 3798 pro
1047 3744 1149 3798 qua
1184 3730 1427 3782 universa
1454 3737 1622 3782 totum
1650 3744 1783 3797 pene
1816 3744 1909 3797 per
1932 3744 2019 3779 or-

431 3820 551 3875 bem
578 3818 1005 3873 scandalizantur
1038 3818 1238 3873 Christi
1273 3835 1341 3871 lllt
1361 3822 1508 3871 mbra
1536 3835 1549 3884 ;
1576 3817 1862 3887 dicuntque
1891 3817 2019 3887 quid

431 3919 608 3979 potest
636 3909 914 3965 catholica:
939 3908 1190 3963 Ecclesiae
1224 3924 1417 3963 nocere
1440 3910 1712 3963 damnatio
1743 3925 1860 3978 qua:
1885 3912 2022 3963 facta

432 4012 511 4056 est
536 4003 923 4072 Capilulorum,
977 4003 1089 4057 sive
1122 4015 1470 4071 personarum
1501 4002 1569 4055 sit
1589 4004 1703 4055 sive
1732 3999 2022 4055 dictorum?

434 4096 763 4161 l’rrcsertiin,
793 4095 1059 4165 inquiunt,
1089 4109 1209 4148 eum
1241 4105 1293 4148 et
1316 4093 1417 4164 ipsi
1444 4096 1784 4149 damnatores
1808 4110 1867 4148 se
1898 4109 2022 4162 pro-

436 4188 687 4241 liteantur
732 4200 852 4240 cum
884 4201 987 4241 non
1018 4186 1394 4240 damnautibus
1445 4185 1601 4240 lidetn
1654 4195 1861 4252 tenere,
1917 4202 2020 4240 uno

434 4277 681 4347 symbolo
707 4278 1000 4346 baptizare,
1035 4292 1247 4347 unoque
1274 4278 1377 4331 ritu
1412 4286 1517 4331 tam
1549 4277 1811 4331 solemnia
1836 4277 2022 4332 lci-tio-

436 4384 583 4434 num,
613 4385 769 4439 quam
801 4371 964 4423 etiam
1008 4371 1253 4425 sacriticii
1285 4370 1532 4425 ordinem
1563 4369 1861 4426 celebrare.
1894 4372 2023 4437 Qui-

436 4462 556 4523 bus,
586 4462 835 4528 quoniam
865 4463 1247 4531 compendiose
1278 4464 1539 4518 rationem
1568 4464 1667 4516 sibi
1689 4462 1841 4517 reddi
1870 4463 2021 4533 flagi-

435 4558 571 4615 tant,
592 4554 670 4605 sic
696 4552 926 4607 breviter
944 4554 1165 4609 Domino
1188 4554 1446 4625 largiente
1469 4554 1898 4631 reapondeudutn
1916 4565 2020 4620 est,

437 4651 497 4696 ut
554 4642 639 4694 isti
680 4641 780 4710 ipsi
830 4646 991 4697 trium
1021 4644 1385 4713 Capilttlurum
1416 4647 1779 4711 damnatores,
1808 4647 1896 4718 qui
1928 4661 2023 4701 ne-

435 4747 562 4803 gare
612 4748 718 4786 non
750 4743 972 4799 possunt
1020 4749 1235 4789 causam
1285 4752 1470 4790 eormn
1520 4739 1570 4791 in
1600 4737 2021 4793 Οιιτιιαμιίοηυηςί

436 4833 622 4878 sancto
674 4824 903 4877 concilio
947 4834 1072 4879 ante
1111 4835 1326 4877 centum
1383 4834 1438 4880 et
1470 4827 1649 4895 viginti
1696 4827 1812 4881 fere
1854 4842 2026 4881 annos

438 4916 599 4973 fuisse
621 4916 1056 4984 determinatam,
1073 4916 1257 4972 dicere
1280 4919 1524 4987 primitus
1545 4930 1823 4988 cogantur,
1848 4929 2023 4974 utrum

2126 3759 2220 3813 per
2251 3752 2323 3796 tot
2348 3759 2608 3797 annorum
2640 3745 2904 3799 curricula
2938 3746 3187 3811 nescivit,
3218 3762 3389 3817 neque
3414 3750 3723 3819 intelligere

2123 3836 2316 3904 potuit,
2341 3835 2479 3903 quod
2506 3834 2590 3887 isti
2619 3846 2744 3889 ante
2776 3836 2841 3889 15
2862 3846 2948 3891 aut
2979 3836 3044 3890 l6
3071 3853 3259 3903 annos,
3294 3842 3451 3893 variis
3479 3856 3530 3895 et
3551 3856 3721 3911 pere-

2122 3928 2289 3995 grinis
2321 3936 2507 3980 contra
2539 3928 2889 3996 apostolicum
2917 3938 3239 3998 prieteptum
3265 3929 3482 3984 abducti
3512 3932 3720 3987 doctri-

2123 4019 2206 4073 nis
2233 4028 2288 4073 et
2314 4018 2663 4087 obsequendo
2682 4018 3016 4088 jussionibus
3046 4020 3295 4090 palatinis
3324 4036 3720 4092 cognoverunt.

2124 4111 2202 4165 Ac
2259 4126 2354 4179 per
2396 4109 2497 4165 hoc
2544 4120 2599 4165 et
2650 4110 2752 4177 ipsi
2800 4110 3038 4165 haeretici
3067 4119 3211 4176 sunt,
3242 4120 3296 4166 ct
3340 4114 3406 4167 ab
3449 4114 3721 4171 haereticis

2124 4200 2401 4268 baptizati,
2438 4214 2614 4270 neque
2636 4200 2812 4255 adhuc
2842 4200 2910 4255 ab
2940 4202 3121 4269 aliquo
3154 4203 3483 4258 reconciliati
3514 4221 3529 4258 :
3573 4221 3718 4274 quo—

2126 4294 2288 4358 ttiam,
2323 4292 2661 4347 sicutdicuut
2688 4292 2810 4361 ipsi,
2842 4303 2966 4345 sunt
2988 4293 3240 4346 catholici
3278 4295 3366 4363 qui
3400 4310 3566 4364 nuper
3610 4299 3721 4351 tria

2124 4383 2365 4452 Capitula
2393 4383 2801 4449 damnaverunt,
2838 4386 2919 4439 vel
2963 4384 3256 4452 damnant,
3303 4388 3537 4457 ipsisque
3563 4388 3719 4444 dam-

2126 4476 2405 4530 natoribus
2450 4479 2877 4544 communicant;
2939 4478 3176 4534 haeretici
3226 4489 3403 4535 autem
3461 4483 3552 4551 qui
3610 4500 3718 4540 nec

2126 4568 2539 4636 damnaverunt,
2587 4584 2684 4623 nec
2710 4569 2999 4635 damnant,
3024 4586 3125 4625 nec
3149 4571 3527 4627 damnautibus
3552 4589 3718 4629 eant-

2127 4660 2423 4715 muuicant.
2449 4660 2576 4727 Quae
2601 4676 2720 4714 cuin
2753 4664 2823 4714 ita
2848 4663 2974 4729 sint,
3003 4672 3096 4717 aut
3118 4664 3208 4717 illa
3222 4664 3401 4730 utique
3429 4663 3551 4735 fuit,
3577 4667 3723 4722 sicut

2129 4766 2254 4806 vere
2281 4751 2398 4814 fuit,
2426 4759 2605 4816 etest,
2648 4754 2859 4822 eritque
2881 4754 3142 4809 catholica
3179 4756 3437 4823 Eet'lesia,
3466 4772 3585 4828 qua:
3612 4760 3721 4814 tria

2127 4845 2371 4913 Capitula
2403 4861 2499 4900 nec
2531 4847 2828 4911 damnavit,
2861 4862 2959 4902 nec
2991 4848 3232 4915 damnat,
3265 4865 3362 4905 nec
3400 4852 3516 4906 istis
3543 4853 3728 4909 scele-

2131 4936 2383 4990 sdssimis
2412 4936 2819 4992 damnatoribus
2842 4954 3135 5009 eorumque
3163 4944 3714 5000 communicatoribus

436 5011 713 5066 catholica:
744 5010 998 5065 Ecclesiae
1027 5014 1081 5065 in
1121 5025 1225 5080 qua
1266 5011 1512 5080 baptizari
1567 5020 1692 5065 sunt
1738 5024 2017 5083 antequam

2132 5030 2231 5083 nisi
2287 5032 2384 5084 sub
2440 5033 2625 5085 merita
2677 5032 3040 5089 satisfactione
3091 5037 3487 5102 communicat;
3533 5048 3594 5093 et
3619 5040 3717 5094 isti

438 5115 626 5157 eorum
656 5100 929 5157 damnatio
962 5100 1124 5172 impie
1150 5104 1475 5171 proveniret,
1507 5104 1786 5159 nocuerint
1814 5120 1881 5158 an
1917 5121 2021 5160 non

439 5197 741 5249 nocuerint.
772 5197 826 5249 Si
881 5197 1129 5250 nocuisse
1180 5196 1447 5263 dixerint,
1510 5205 1691 5252 notatn
1744 5200 1946 5253 erroris
1968 5206 2024 5253 et

436 5288 685 5341 criminis
732 5288 1012 5345 catholicae
1056 5291 1313 5346 Ecclesia:
1369 5294 1760 5347 convincuntur
1826 5293 2023 5361 impor-

440 5387 557 5432 tare
589 5394 602 5428 :
637 5388 694 5430 ut
720 5388 810 5432 aut
838 5380 1107 5446 haeretica,
1158 5382 1298 5451 quod
1330 5383 1432 5436 dici
1459 5384 1640 5463 “nefas
1688 5392 1795 5448 est,
1839 5381 2021 5449 fuerit,

440 5485 562 5525 cum
610 5484 745 5540 quos
804 5473 888 5526 isti
930 5474 1076 5529 velut
1126 5475 1410 5533 haereticos
1460 5476 1874 5543 damnaverunt,
1932 5476 2022 5532 illa

442 5578 551 5617 non
572 5564 744 5617 solum
787 5579 891 5617 non
941 5566 1239 5634 damnavit,
1269 5568 1366 5623 sed
1392 5569 1611 5640 insuper
1666 5578 1722 5624 et
1763 5553 2025 5636 laudavit,

440 5653 693 5721 dictuque
738 5669 923 5708 eorum
966 5671 1035 5709 ex
1082 5656 1311 5713 decretis
1332 5658 1785 5717 Chalcedonensis
1830 5662 2021 5734 synodi

444 5744 742 5804 orthodoxa
769 5746 1136 5816 pronuntiavit
1157 5766 1175 5805 ;
1198 5760 1289 5805 aut
1315 5762 1465 5809 certe
1494 5753 2007 5829 ignoranticcuubilo

2131 5121 2314 5187 procul
2368 5122 2531 5176 dubio
2584 5124 2863 5189 haeretici,
2935 5125 3025 5195 qui
3086 5128 3294 5181 noviter
3358 5128 3717 5195 admiserunt,

2129 5212 2271 5280 quod
2324 5213 2374 5266 in
2403 5213 2635 5269 Ecclesia
2664 5229 2785 5284 qua:
2834 5229 2926 5270 eos
2978 5219 3321 5285 regeneravit
3351 5235 3457 5273 non
3488 5234 3718 5288 accepe-

2131 5314 2254 5357 runt
2286 5320 2301 5358 :
2351 5313 2443 5359 aut
2487 5307 2530 5358 si
2559 5306 2665 5367 illa,
2700 5305 2841 5375 quod
2875 5306 3060 5362 audire
3106 5309 3419 5379 sacrilcgum
3466 5320 3569 5375 est,
3605 5327 3717 5365 non

2129 5393 2225 5448 fuit
2250 5395 2511 5449 catholica
2547 5396 2805 5462 Ecclesia,
2855 5396 2940 5452 isti
2972 5397 3129 5451 simili
3158 5401 3319 5454 modo
3349 5401 3567 5454 remotis
3600 5417 3717 5454 aui-

2133 5486 2355 5556 bagibus
2375 5486 2611 5542 hzeretici
2636 5496 2783 5554 sunt,
2828 5490 2973 5558 quia,
2998 5498 3057 5543 ut
3084 5490 3286 5545 dictum
3316 5502 3423 5557 est,
3474 5493 3587 5561 ipsa
3616 5507 3718 5547 eos

2132 5578 2375 5633 Ecclesia
2405 5577 2690 5648 baptizavit
2718 5595 2835 5649 quae
2852 5578 3095 5650 Capitula
3128 5581 3224 5635 ista
3256 5597 3523 5651 nunquam
3553 5581 3717 5639 dam-

2130 5668 2292 5723 navit.
2342 5669 2486 5736 Quas
2537 5669 2607 5725 ob
2659 5684 2745 5725 res
2777 5670 3026 5725 utrolibet
3076 5670 3287 5741 objecto
3326 5671 3712 5740 respondeant,

2054 5840 2063 5843 Α
2129 5760 2365 5816 haeretici
2394 5761 2779 5818 convincantur
2808 5775 3028 5818 necesse
3055 5774 3159 5820 cst.
3209 5763 3264 5819 Si
3300 5774 3495 5830 autent,
3557 5763 3707 5835 quod
