3998 6202
227 335 336 394 869

1385 328 1712 386 EPISTOLA
1753 329 1930 384 FlDEl
1966 328 2376 387 CATHOLIWE

3411 338 3513 390 870

225 469 412 508 νυτυιη
444 458 549 515 est,
609 446 741 503 nihil
769 445 1016 500 nocuisse
1060 443 1245 500 eadem
1269 443 1512 513 Capitula
1555 460 1648 512 per
1685 458 1813 499 cen-
1842 449 1891 506 Α
1922 445 2087 499 Deum
2119 448 2204 502 cui
2237 445 2797 514 credidit,perdidisse
2830 445 3185 501 convincitur.
3211 437 3312 515 Qui
3332 460 3516 506 autem

224 552 342 597 tum
370 549 426 595 et
450 537 702 607 amplius,
760 546 816 591 ut
847 536 1158 605 prtedictum
1186 545 1290 599 est,
1342 551 1512 589 annos
1537 536 1816 590 catholicae

228 631 487 688 Ecclesia:
510 628 773 699 dixerint,
800 628 969 682 multo
993 627 1161 697 magis
1193 629 1469 696 magisque
1496 644 1557 683 se
1584 643 1705 682 reos
1738 629 1817 682 in-

224 729 473 797 te'ligaut
534 722 970 779 inexcusabiliter
1013 739 1025 774 :
1077 724 1503 776 animadvertant
1558 732 1813 788 quantum

224 820 354 874 mali
394 825 583 872 contra
633 814 752 884 ejus
804 813 1019 867 decreta
1077 813 1454 867 commiserint
1510 812 1816 867 daumando

226 912 368 981 quod
398 911 487 965 illa
517 923 626 964 non
649 906 929 967 damnavit
952 924 967 972 ;
990 917 1321 978 cognoscant
1341 908 1469 976 quid
1499 910 1728 979 egerint,
1760 918 1813 963 et

228 1005 463 1061 sentiant
491 1016 550 1056 se
576 1000 646 1055 ab
688 1015 751 1055 ea
782 1000 1057 1069 praecisos,
1102 1000 1265 1069 cujtts
1313 999 1536 1058 decreta.
1560 1010 1815 1070 quantum

231 1100 288 1153 in
318 1096 449 1165 ipsis
470 1103 557 1149 est
583 1094 976 1159 convellentes,
998 1092 1375 1148 haereticorum
1401 1108 1463 1149 se
1484 1095 1718 1148 catervis
1744 1094 1818 1146 fa-

231 1190 405 1243 vendo
433 1201 623 1242 eorum
644 1186 789 1240 votis
839 1184 1183 1254 pertinaciter
1226 1195 1601 1255 aggregarunt.
1635 1184 1817 1255 Siqui-

228 1282 350 1336 dem
371 1281 441 1334 ab
468 1274 756 1347 Acepbalis
782 1273 1071 1341 haereticis,
1119 1274 1171 1329 id
1197 1286 1280 1330 est
1300 1276 1815 1344 Sentieutychianis,

228 1372 490 1441 exquisita
516 1380 570 1425 et
597 1368 777 1424 elicita
798 1369 1165 1438 Capitulornm
1195 1369 1505 1435 damnatio;
1547 1380 1601 1424 et
1638 1369 1817 1437 Vigilii

229 1474 390 1533 atque
419 1462 612 1529 Pelagii
648 1463 1013 1515 Romanorum
1057 1461 1547 1529 prtevaricalorum,
1600 1472 1654 1516 et
1690 1462 1803 1516 Pri-

230 1554 389 1608 ωηεἱὶ
445 1552 706 1621 Byzaceni
758 1551 1013 1622 praecipui
1096 1551 1332 1607 doctoris
1388 1552 1813 1621 Acephrlorum,

225 1640 374 1699 edita
420 1652 607 1697 contra
648 1641 942 1697 Eeclesiam
992 1641 1192 1711 scripta
1247 1649 1631 1711 protestantur.
1689 1644 1817 1710 Quae

227 1750 352 1789 cum
383 1735 452 1788 ita
484 1735 613 1803 sint,
641 1733 1031 1802 quomodojam
1054 1743 1109 1787 et
1138 1733 1268 1787 illud
1286 1733 1368 1789 eis
1387 1734 1580 1801 poterit
1598 1744 1817 1788 consta-

1921 538 2028 591 sint
2042 539 2127 605 qui
2148 538 2246 592 hoc
2257 539 2571 593 violaverint
2589 548 2797 607 pactum
2817 553 2938 592 mox
2953 539 3273 611 videbimus,
3292 556 3412 595 cmn
3435 544 3514 611 ip-

1919 628 2029 681 sius
2058 630 2481 698 symboliverba,
2507 645 2611 683 non
2642 631 2858 699 quidem
2889 631 2940 684 in
2973 632 3515 701 ordinemprolixita-

1920 722 1987 773 tis
2004 722 2231 775 vitanda:
2248 724 2438 791 gratia,
2452 725 2545 777 sed
2564 724 2844 778 admodum
2861 725 3141 779 delibando
3155 727 3511 795 posuerimus.

1923 812 2245 883 Principium
2279 814 2455 884 itaque
2472 817 2701 886 symboli
2726 816 2952 884 hocest:
2978 815 3247 871 Credimus
3274 818 3327 870 in
3356 835 3515 871 unum

1925 902 2085 957 Deum
2111 903 2316 959 Patrem
2337 908 2763 975 omnipotentem;
2795 916 2841 961 et
2872 909 2924 961 in
2948 925 3102 961 unum
3122 908 3398 961 Dominum
3422 910 3513 962 Je-

1919 1012 2031 1048 sum
2054 995 2309 1049 Christum
2344 995 2541 1051 Filium
2570 1000 2701 1069 ejus,
2733 1010 2908 1052 natum
2932 1016 2995 1054 ex.
3025 999 3225 1067 Spiritu
3247 1012 3421 1054 sancto
3460 1009 3509 1055 et

1923 1085 2095 1139 Maria
2126 1086 2365 1159 Virgine,
2396 1091 2481 1156 qui
2508 1089 2599 1143 sub
2626 1089 2819 1144 Pontio
2846 1090 3020 1144 Pilato
3057 1091 3332 1160 cruciﬁxus
3362 1102 3435 1145 est
3462 1102 3510 1147 ct

1917 1177 2176 1245 sepultus;
2200 1179 2351 1231 tertia
2381 1180 2462 1232 die
2482 1181 2705 1233 surrexit
2725 1197 2757 1233 a
2780 1182 2990 1235 mortuis
3014 1196 3033 1245 ,'
3085 1183 3314 1236 ascendit
3340 1184 3389 1237 in
3414 1199 3513 1237 (te-

1920 1269 2048 1331 lum,
2076 1268 2216 1321 sedet
2239 1269 2308 1320 ad
2335 1269 2596 1324 desteram
2622 1269 2815 1335 Patris,
2842 1272 2977 1324 unde
3008 1283 3243 1325 renturus
3268 1282 3342 1326 est
3363 1275 3501 1343 judi-

1919 1374 2034 1412 care
2082 1360 2217 1413 vivos
2273 1371 2320 1413 et
2374 1374 2619 1427 mortuos,
2677 1372 2729 1417 et
2763 1362 2989 1431 reliqua.
3040 1364 3116 1416 En
3147 1372 3295 1418 certe
3324 1365 3375 1417 in
3409 1367 3511 1420 hoc

1924 1467 2064 1505 nunc
2108 1454 2284 1506 omnis
2333 1454 2579 1507 cousiStit
2606 1457 2831 1524 qttzestio
2880 1456 2945 1510 de
2989 1456 3230 1509 vivorum
3264 1468 3509 1510 mortuo~

1919 1558 2145 1613 rumque
2200 1546 2402 1613 judicio
2447 1561 2463 1599 :
2517 1547 2660 1615 quod
2722 1556 2909 1601 contra
2974 1548 3174 1601 nullam
3228 1547 3511 1615 aliquando

1920 1637 2192 1705 haeresim,
2226 1648 2284 1691 ut
2310 1637 2442 1693 illud
2472 1639 2539 1692 de
2560 1639 2869 1708 aequalitate
2897 1639 3072 1692 l'atris
3111 1648 3167 1693 et
3199 1638 3314 1693 Filii
3346 1640 3396 1693 in
3421 1640 3511 1692 Ni-

1919 1741 2071 1781 (επιεηο
2118 1727 2352 1783 concilio
2400 1740 2586 1783 contra
2618 1731 2828 1795 Arium,
2886 1731 2966 1783 vel
3011 1729 3081 1785 de
3122 1730 3510 1799 omnipotentia

227 1840 312 1891 re,
353 1824 493 1894 quod
520 1826 572 1879 di
609 1833 699 1879 υηι
722 1840 878 1879 uuam
904 1840 964 1879 se
977 1839 1105 1879 cum
1130 1841 1234 1878 ηοη
1256 1824 1634 1880 «iuuantibus
1660 1825 1814 1879 ﬁdem
1849 1822 1893 1880 Β
1921 1819 2149 1886 Spiritus
2181 1824 2351 1874 sancti
2403 1821 2455 1874 in
2499 1822 3095 1890 Constantinopolitano
3123 1832 3305 1876 entitra
3334 1822 3509 1876 Mace-

230 1919 453 1973 tenere?
482 1918 612 1971 Cum
639 1933 736 1972 nos
759 1919 808 1971 iu
840 1932 947 1971 uno
980 1918 1204 1972 Domino
1232 1927 1416 1972 nostro
1444 1919 1570 1973 Jesu
1592 1917 1812 1973 Christo

232 2009 326 2063 Dei
352 2018 405 2063 et
433 2009 662 2061 hominis
696 2008 853 2072 Filio,
898 2010 1121 2061 duartun
1155 2018 1467 2062 naturarum
1513 2011 1811 2078 proprieta-

228 2109 336 2153 tem
361 2100 412 2152 in
444 2098 647 2153 unitate
672 2114 914 2167 personae
955 2098 1328 2164 conliteamur,
1375 2101 1515 2169 quod
1548 2101 1811 2155 catholica

226 2206 444 2260 seniper
484 2191 723 2246 custodit
768 2199 823 2247 ct
866 2191 1024 2247 docet
1070 2190 1329 2247 Ecclesia.
1360 2191 1451 2245 lsti
1488 2203 1665 2248 autem
1722 2210 1813 2262 pa-

226 2285 398 2338 rendo
422 2283 731 2353 Acephalis,
766 2291 821 2337 et
865 2284 914 2335 in
956 2283 1156 2349 scripto
1200 2282 1482 2338 dicentes:
1516 2302 1540 2336 ι
1572 2286 1808 2338 Anatha-

228 2378 548 2431 tnatizamus
595 2374 814 2443 impiam
867 2377 1151 2442 epistolam
1186 2376 1289 2431 Iba:
1335 2392 1492 2444 quam
1521 2377 1586 2431 ad
1628 2378 1810 2431 Marini

233 2467 455 2521 Persam
486 2466 725 2532 scripsit,
760 2482 880 2520 cum
917 2467 999 2520 his
1020 2467 1115 2536 qui
1154 2465 1425 2521 vindicant
1449 2482 1592 2531 eam,
1628 2478 1679 2522 et
1722 2484 1810 2522 re-

227 2568 367 2611 ctam
398 2572 519 2613 esse
544 2559 751 2625 dicunt,
787 2559 872 2613 vel
906 2569 1109 2629 partem
1136 2561 1294 2629 ejus:
1327 2580 1348 2613 ι
1382 2576 1594 2617 omnem
1625 2565 1814 2633 procul

220 2649 396 2703 dubio
445 2648 932 2705 anathematizasse
977 2651 1273 2719 probantur
1327 2653 1645 2717 Ecclesium,
1693 2671 1813 2724 qua:

230 2759 351 2799 eam
374 2743 659 2800 vindicavit
690 2753 741 2799 et
764 2742 1017 2810 vindicat,
1067 2754 1375 2816 rectumque
1399 2762 1520 2802 esse
1564 2748 1717 2813 dixit,
1760 2757 1813 2803 et

226 2834 459 2890 dicitzut
482 2845 605 2905 pote
630 2851 747 2906 qua:
770 2835 872 2891 hoc
899 2838 966 2892 de
989 2836 1357 2893 incarnatione
1378 2837 1600 2906 Christi,
1627 2842 1679 2894 in
1707 2856 1809 2910 qua

226 2926 418 2982 salutis
444 2935 640 2981 nostra:
663 2939 1057 2983 sacramentum
1080 2929 1345 2995 consistit,
1370 2930 1656 2985 conﬁtetur
1668 2933 1810 3002 quod

223 3021 414 3075 eadem
472 3036 567 3091 per
614 3021 793 3075 omnia
843 3021 1085 3077 continet
1126 3022 1375 3089 epistola.
1417 3023 1591 3078 Ycrba
1615 3026 1812 3094 quippe

224 3114 466 3181 ejusdem
497 3113 759 3181 epistolae,
785 3113 874 3167 ubi
906 3116 1104 3168 sanitas
1132 3114 1405 3169 catholica:
1435 3116 1807 3182 confessionis,

1918 1907 2166 1976 donium,
2203 1910 2254 1964 in
2296 1904 2542 1982 symbolo
2588 1922 2671 1967 est
2715 1912 2819 1966 add
2842 1920 2979 1977 tum,
3019 1913 3222 1966 anulla
3274 1928 3508 1982 unquam

1918 2001 2131 2065 lueresi,
2190 2002 2295 2056 nisi
2326 2004 2393 2056 ab
2422 2003 2519 2056 hac
2551 2004 2857 2057 novissimis
2900 2005 3229 2072 temporibus
3254 2006 3400 2060 velut
3438 2020 3507 2061 ex

1919 2106 2197 2165 compacta
2245 2096 2483 2153 omnium
2518 2097 2889 2153 luercticorum
2922 2099 3052 2153 fame
3083 2113 3291 2169 exorta,
3343 2101 3509 2157 viola-

1918 2197 2028 2241 tum
2060 2200 2170 2254 est;
2219 2205 2313 2257 per
2334 2191 2735 2245 damnationem
2767 2192 2976 2247 scilicet
3000 2194 3241 2248 vivorum
3267 2205 3508 2250 mortuo-

1918 2295 2143 2349 rumque
2171 2297 2330 2349 quam
2364 2281 2439 2335 sic
2472 2281 2523 2335 iu
2548 2284 2750 2351 scripto
2781 2284 3133 2350 protulerunt,
3163 2284 3403 2339 dicentes
3429 2286 3509 2339 in-

1916 2379 1997 2424 ter
2027 2371 2127 2422 alia
2159 2388 2170 2424 :
2226 2389 2243 2421 ι
2264 2371 2321 2425 Si
2368 2372 2489 2441 quis
2519 2371 2758 2426 defendit
2809 2373 3027 2441 impium
3081 2373 3422 2428 Theodorum
3454 2384 3507 2429 et

1862 2476 1875 2485 ”
1909 2461 2074 2529 impia
2105 2462 2220 2533 ejus
2245 2467 2568 2532 conscripta,
2630 2466 2724 2520 sed
2759 2480 2863 2519 non
2912 2466 3332 2521 anathematizat
3380 2483 3503 2522 eum

1907 2562 1969 2607 et
1995 2553 2155 2623 impia
2184 2554 2303 2623 ejus
2329 2556 2661 2626 conscripta,
2692 2566 2746 2611 et
2772 2571 2962 2611 omnes
2987 2557 3075 2626 qui
3100 2557 3395 2627 suscipiunt
3421 2559 3504 2614 vel

1916 2645 2212 2702 defendunt
2233 2663 2379 2711 eum,
2404 2658 2456 2702 et
2488 2648 2671 2702 dicunt
2698 2648 2991 2702 orthodoxa
3012 2664 3131 2704 eum
3155 2652 3501 2718 exposuisse;

1916 2746 1971 2793 et
1999 2739 2088 2807 qui
2118 2740 2449 2808 scripserunt
2485 2755 2691 2808 proco,
2748 2749 2803 2794 et
2831 2740 3018 2794 eadem
3074 2739 3148 2794 illi
3191 2749 3503 2809 sapuerunt,

1914 2830 1999 2884 vel
2022 2828 2265 2883 scribunt
2292 2845 2385 2897 pro
2411 2846 2475 2884 eo
2507 2831 2587 2883 vel
2613 2831 2787 2897 impiis
2804 2830 2920 2900 ejus
2945 2832 3289 2901 conscriptis,
3314 2840 3368 2885 et
3396 2846 3491 2886 cos

1915 2921 2003 2991 qui
2031 2920 2222 2975 sim‘lia
2254 2922 2326 2975 illi
2357 2923 2573 2989 sapiunt
2602 2924 2684 2975 vel
2716 2924 2998 2991 aliquando
3027 2933 3350 2991 sapueruut,
3380 2925 3502 2978 talis
3576 2976 3583 2983 ,

1915 3013 2195 3067 anathema
2225 3014 2314 3066 sit.
2335 3013 2386 3067 Ss
2413 3014 2532 3083 quis
2558 3013 2797 3068 defendit
2824 3014 2982 3082 impia
2998 3015 3321 3069 Theodoreti
3348 3015 3493 3070 scri-

1918 3113 2027 3172 pta,
2053 3103 2146 3156 sed
2173 3117 2276 3157 non
2300 3103 2717 3157 auathematizat
2746 3118 2830 3169 ea,
2855 3112 2909 3157 et
2933 3118 3028 3159 eos
3054 3103 3143 3173 qui
3174 3104 3365 3157 similia
3384 3103 3502 3173 ejus

227 3217 349 3275 ρυςι
386 3206 486 3260 alia
532 3207 612 3259 sic
638 3222 696 3261 se
727 3205 924 3261 habent
949 3224 962 3260 ε
1012 3225 1030 3259 ι
1066 3207 1303 3263 Ecclesia
1333 3217 1507 3263 autem
1536 3210 1614 3265 sic
1645 3209 1811 3264 dicit;
1846 3196 1890 3258 C
1920 3204 2213 3263 sapuerunt
2243 3196 2324 3250 νει
2349 3196 2581 3264 sapiunt,
2611 3196 2730 3250 lttilS
2753 3198 3038 3251 anathema
3067 3198 3157 3252 Sit.
3179 3197 3233 3253 Si
3263 3200 3381 3267 quis
3409 3197 3502 3252 (1οο

226 3297 354 3349 Duas
385 3307 611 3361 naturze,
640 3312 743 3349 una
772 3298 963 3361 virtus,
992 3312 1093 3350 una
1127 3313 1375 3365 persona,
1403 3299 1540 3368 quod
1566 3308 1646 3353 est
1675 3315 1812 3355 unus

226 3387 395 3441 Filius
423 3388 680 3441 Dominus
704 3397 889 3441 noster
926 3387 1083 3442 Jesus
1114 3388 1377 3443 Christus.
1409 3409 1428 3440 ι
1473 3391 1812 3460 Quapropter

224 3483 269 3533 si
306 3481 425 3535 hsce
458 3482 687 3533 duarum
717 3489 1022 3534 naturarum
1066 3481 1275 3534 Domini
1309 3482 1474 3536 nostri
1507 3482 1631 3536 Jesu
1657 3483 1811 3536 Chri-

222 3571 291 3624 sti
328 3571 379 3624 in
427 3570 635 3625 unitate
668 3586 907 3638 persona:
936 3570 1243 3636 confessio,
1300 3581 1355 3625 ut
1406 3571 1491 3625 isti
1538 3572 1805 3639 dixerunt,

220 3659 385 3729 impia
418 3672 498 3714 est
526 3669 580 3715 et
608 3660 724 3715 sine
757 3643 885 3723 Deo,
950 3661 1130 3714 dicant
1181 3661 1277 3729 ipsi
1310 3662 1517 3714 naviter
1562 3663 1684 3730 quid
1740 3665 1809 3716 sit

222 3755 375 3818 pium
411 3763 681 3818 rectaeque
702 3749 1125 3805 Christianorum
1153 3750 1273 3805 fidei
1301 3753 1645 3806 conveniens.
1683 3754 1809 3807 Pro-

220 3843 366 3897 fecto
399 3858 548 3911 ergo,
600 3844 738 3896 sicut
771 3844 963 3896 veritas
990 3858 1082 3897 eos
1110 3860 1174 3897 ex
1218 3844 1468 3912 operibus
1499 3853 1551 3898 et
1596 3845 1808 3914 Scriptis

220 3951 413 3991 eorum
445 3936 769 4005 redargucns
801 3933 953 3989 fateri
983 3936 1144 4004 sagit,
1188 3947 1277 3990 aut
1325 3952 1484 3990 unam
1513 3938 1564 3989 iu
1594 3937 1807 3991 Christo

220 4034 507 4090 naturam,
560 4027 699 4080 sicut
749 4027 1061 4096 Eutychiani
1111 4026 1193 4080 vel
1242 4027 1533 4096 Aeephali,
1580 4044 1804 4099 quorum

218 4117 364 4169 votis
384 4124 685 4179 cesserunt,
728 4126 781 4169 et
826 4117 892 4171 ab
920 4115 1163 4171 Ecclesia
1198 4127 1556 4183 recesserunt,
1600 4120 1805 4183 dicunt,

218 4217 315 4261 aut
343 4210 539 4262 nullam
566 4225 581 4263 :
617 4209 759 4278 quod
786 4224 946 4277 quam
975 4212 1045 4263 sit
1068 4209 1290 4280 impium
1323 4219 1377 4265 et
1404 4211 1803 4280 blaSphemum,

217 4310 384 4367 atque
403 4316 433 4353 a
456 4300 715 4355 ratholica
739 4301 964 4354 veritate
988 4302 1245 4365 alienum,
1298 4302 1538 4372 quisquis
1564 4320 1696 4358 sana
1727 4318 1807 4361 est

218 4393 476 4462 przditus
558 4402 737 4449 mente
813 4396 1017 4462 absque
1090 4394 1425 4450 dubitatione
1495 4402 1803 4465 COgnoseet.

217 4486 373 4540 Nunc
399 4485 595 4541 deinde
627 4487 755 4541 illud
790 4497 1195 4554 pertractemus,
1230 4487 1371 4557 quod
1400 4488 1580 4543 dicunt
1600 4491 1799 4558 verbis,

1918 3286 2086 3342 feadit
2122 3288 2337 3356 impiam
2367 3287 2653 3356 epistolam
2687 3303 2844 3357 quam
2863 3288 3056 3343 dicitur
3084 3288 3201 3343 lbas
3228 3289 3293 3342 ad
3315 3289 3501 3344 Marim

1918 3378 2137 3434 Persam
2174 3381 2486 3435 limreticum
2513 3380 2822 3450 scripsisse,
2841 3381 2933 3435 sed
2958 3398 3060 3435 non
3089 3381 3502 3437 anathematizat

1914 3486 2031 3525 eam
2055 3479 2109 3524 et
2134 3470 2445 3527 defensores
2467 3470 2604 3540 ejus,
2630 3484 2681 3527 et
2707 3487 2804 3527 eos
2834 3473 2922 3542 qui
2945 3472 3130 3527 dicunt
3151 3488 3270 3528 eam
3298 3481 3498 3528 rectam

1913 3579 2053 3629 esse,
2082 3566 2164 3619 vel
2196 3576 2403 3634 partem
2433 3566 2571 3634 ejus,
2599 3577 2650 3621 et
2680 3582 2773 3621 eos
2801 3567 2888 3634 qui
2915 3569 3267 3635 scripserunt,
3301 3567 3381 3621 vel
3408 3568 3498 3635 qui

1913 3656 2153 3708 scribunt
2180 3669 2275 3723 pro
2304 3669 2390 3719 ea,
2423 3659 2503 3709 vel
2531 3670 2626 3724 pro
2654 3656 2926 3725 impietate
2958 3672 3075 3724 qua:
3099 3656 3151 3709 iu
3179 3671 3237 3711 ea
3263 3658 3501 3711 contine-

1917 3755 2018 3808 tur,
2036 3754 2088 3800 et
2106 3758 2433 3813 przesuumnt
2455 3762 2572 3801 eam
2588 3746 2898 3811 defendere,
2918 3746 3039 3800 talis
3059 3750 3339 3801 anathema
3362 3747 3450 3801 sit.
3476 3765 3496 3799 ι

1912 3838 2024 3904 Qua
2072 3838 2378 3907 blaspltema
2434 3841 2697 3894 sententia
2740 3850 2794 3894 et
2846 3840 2965 3893 illos
3003 3848 3242 3893 mortuos
3283 3856 3416 3909 quos
3445 3840 3498 3894 in

1913 3946 2139 3999 corpore
2169 3932 2485 3985 constitutos
2516 3947 2672 3985 nemo
2701 3932 2997 3997 damnavit,
3059 3947 3158 3986 nec
3188 3931 3494 3987 licereticam

1914 4037 2097 4077 eorum
2131 4022 2427 4076 doctrinam
2458 4023 2734 4091 quisquam
2761 4022 3053 4093 judicavit,
3086 4023 3192 4077 imo
3220 4038 3365 4090 vero,
3397 4026 3498 4078 sic-

1916 4124 1973 4170 ut
2013 4114 2427 4171 evidentissimis
2458 4116 2789 4170 d0t‘UlllCllliS
2834 4116 3044 4184 probari
3088 4126 3282 4185 poteSI,
3315 4117 3497 4171 ortho-

1912 4208 2103 4263 doxam
2137 4208 2391 4280 synodica
2426 4208 2639 4261 l’atruzu
2675 4208 3033 4277 pronuntiavit
3058 4211 3352 4264 auctoritas
3382 4252 3397 4276 ,
3441 4221 3495 4264 et

1911 4304 2100 4359 dt‘VUla
2134 4305 2392 4359 hactenus
2419 4303 2750 4358 conservavit
2777 4315 3166 4373 conservatque
3190 4304 3495 4372 posteritas,

1911 4406 1964 4452 rt
1992 4398 2135 4465 ipSns
2162 4395 2345 4450 Patres
2373 4399 2459 4466 qui
2491 4412 2583 4450 eos
2611 4396 2859 4465 dictaque
2892 4410 3080 4449 eorum
3116 4395 3491 4460 laudaverunt,

1913 4499 1967 4542 et
2002 4503 2098 4541 nos
2127 4489 2365 4542 viventes
2398 4489 2505 4554 pari
2532 4503 2651 4541 cum
2682 4488 2759 4540 eis
2788 4486 3130 4542 anathemate
3159 4497 3421 4557 quantum
3444 4489 3496 4543 in

219 4590 332 4630 uno
360 4591 421 4630 se
452 4577 697 4647 symbolo
722 4577 994 4647 baptizare
1017 4622 1031 4647 ,
1065 4588 1241 4633 utrum
1269 4580 1429 4634 rebus
1452 4589 1505 4634 et
1526 4579 1803 4635 eﬂ‘ectibus
1834 4572 1882 4632 D
1909 4581 2037 4648 ipsis
2062 4588 2166 4644 cst,
2221 4579 2578 4635 involverunt.
2634 4578 2735 4635 Ubi
2764 4589 2844 4634 est
2871 4595 3000 4650 ergo
3022 4578 3159 4649 quod
3208 4579 3497 4635 Christiani

124 4720 129 4723 _
217 4683 414 4722 verum
444 4670 524 4722 eis
578 4683 699 4723 esse
747 4679 975 4724 constet.
1030 4670 1184 4736 Quod
1244 4680 1299 4725 ut
1338 4672 1539 4739 liquido
1582 4675 1804 4738 clarcat,

217 4756 389 4825 ipsius
417 4757 647 4827 symboli
682 4757 924 4826 primitus
956 4759 1343 4813 Consideranda
1377 4767 1459 4814 est
1485 4769 1646 4829 atque
1678 4777 1807 4831 pen-

215 4848 386 4902 sanda
437 4850 520 4903 vis
581 4848 999 4917 magnitudoque
1052 4848 1332 4913 veritatis;
1393 4855 1647 4920 quoniam
1702 4852 1804 4905 Risi

217 4938 564 5007 praecesserit
592 4953 685 5006 per
706 4940 849 5007 quod
881 4938 1137 5003 creditur,
1166 4941 1333 4993 virtus
1357 4956 1659 5010 munusque
1682 4957 1804 4995 crc-

212 5028 479 5095 dulitatis,
510 5029 648 5094 quod
676 5031 1036 5098 subsequitur,
1084 5045 1418 5099 nequaquam
1464 5034 1801 5099 conceditur,

209 5123 354 5175 situt
382 5124 639 5191 scriptum
664 5134 782 5176 est:
824 5122 941 5175 Nisi
967 5125 1308 5189 credideritis,
1359 5142 1459 5178 non
1508 5126 1804 5197 iute.‘ligetis

210 5214 354 5275 Usa.
391 5229 482 5277 vn,
513 5216 567 5277 9,
598 5217 751 5284 juxta
775 5214 968 5285 LXX).
1001 5215 1316 5285 Symbolum
1350 5216 1548 5287 itaque,
1581 5219 1802 5273 collatio

206 5305 332 5358 sive
362 5312 571 5369 pactum
600 5306 743 5374 quod
766 5306 825 5359 lit
857 5305 1057 5360 homini
1080 5322 1200 5361 cum
1233 5307 1369 5373 Deo,
1418 5318 1598 5377 patres
1630 5312 1800 5365 nostri

204 5396 738 5452 citholicidoctores
774 5398 1113 5467 interpretari
1165 5399 1483 5454 docuerunt.
1536 5401 1798 5468 Quoniam

204 5507 344 5561 ergo
378 5501 587 5559 pactum
608 5508 729 5547 cum
764 5495 874 5550 Deo
898 5493 1144 5560 fecimus,
1184 5505 1237 5549 et
1266 5496 1343 5549 sic
1380 5495 1431 5549 in
1460 5511 1566 5550 uno
1597 5507 1798 5552 sanctae

200 5581 491 5637 Trinitatis
515 5586 728 5641 nomine
753 5584 1000 5654 baptizari
1020 5601 1226 5651 sumus,
1263 5586 1306 5641 si
1334 5587 1451 5655 quis
1495 5602 1659 5641 uumu
1691 5587 1799 5641 iota

199 5675 295 5727 vel
326 5690 489 5728 unum
509 5676 713 5744 apicem
744 5691 807 5731 ex
841 5689 997 5746 pacto
1017 5677 1303 5747 quodcum
1333 5678 1440 5733 Dco
1464 5676 1582 5733 iniit
1602 5678 1803 5734 dissol-

200 5764 370 5831 verit,
400 5766 515 5823 sine
543 5767 707 5824 dubio
730 5767 888 5825 tidem
926 5785 1028 5838 qua
1069 5768 1177 5826 Deo
1231 5770 1495 5839 credidit,
1533 5782 1582 5827 et
1621 5772 1796 5839 ipsum

1914 4670 2080 4724 videri
2105 4670 2307 4733 volunt,
2341 4679 2430 4722 aut
2455 4668 2579 4733 dici,
2609 4669 2942 4739 symbolique
2964 4684 3023 4725 se
3044 4670 3315 4726 cusmdire
3339 4671 3503 4726 (idem

1917 4762 2058 4815 inani
2092 4759 2429 4829 multiloquio
2471 4758 2742 4827 jaclitaut,
2796 4760 3163 4829 quijudicium
3204 4760 3306 4815 sibi
3356 4758 3504 4829 quod

1914 4852 2015 4905 soli
2042 4850 2173 4906 Filio
2200 4852 2353 4906 Pater
2399 4851 2563 4911 dedit,
2621 4851 2849 4920 Superba
2877 4852 3008 4906 satis
3033 4852 3361 4920 nimiumque
3386 4844 3486 4903 do?

1915 4944 2068 4997 lcnda
2097 4945 2410 4998 temeritatis
2433 4943 2652 5000 audacia
2687 4956 3103 5014 usurpaverant,
3127 4960 3245 4997 cum
3277 4956 3372 5010 per
3399 4941 3495 4993 lut-

1908 5035 2142 5106 jusmodi
2204 5037 2670 5105 praesumptionem
2708 5041 2868 5091 etiam
2932 5036 3129 5090 diaboli
3186 5033 3493 5101 supergredi

1913 5132 2201 5199 probentur
2257 5130 2570 5185 insaniam?
2641 5130 2915 5197 Siquidem
2961 5129 3052 5182 ille
3108 5126 3494 5194 superbissimo

1912 5222 2091 5275 cordis
2144 5222 2378 5291 appetitu
2439 5221 2617 5273 dixit:
2675 5219 2779 5272 Ero
2823 5218 3004 5272 similis
3033 5218 3300 5272 A'tirsimo
3358 5216 3493 5288 (lsa.

1911 5327 2019 5375 xiv,
2071 5311 2197 5379 H).
2246 5310 2309 5366 lii
2358 5319 2535 5364 autem
2584 5308 2960 5378 prmveuiendo
2997 5308 3254 5376 judicium
3282 5310 3400 5375 Dei,
3440 5319 3493 5365 et

1910 5418 2069 5470 rzperc
2094 5400 2366 5455 mortifero
2383 5400 2774 5455 dammuiouem
2800 5409 3130 5455 mortuorum
3149 5399 3495 5474 viVorumquo

1907 5510 2009 5546 non
2040 5494 2139 5547 sibi
2163 5493 2610 5547 consentientium
2639 5492 3014 5562 perpetrando,
3036 5493 3153 5547 non
3182 5493 3292 5564 jam
3316 5509 3493 5563 taqua-

1905 5584 1984 5637 lcs
2011 5591 2099 5637 aut
2121 5583 2340 5648 similes,
2376 5582 2515 5637 sicut
2543 5583 2630 5637 ille
2658 5584 2833 5637 adhuc
2862 5584 2927 5638 de
2952 5583 3131 5638 futuro
3161 5585 3321 5647 dixit,
3363 5583 3491 5649 Ero,

1908 5677 2000 5731 sed
2044 5675 2349 5743 superiores
2371 5690 2492 5731 esse
2518 5748 2519 5751 η
2549 5690 2647 5732 suo
2672 5675 2898 5733 Domino
2924 5686 3180 5749 quantum
3212 5676 3276 5732 ad
3308 5692 3492 5732 eorum

1906 5768 2093 5825 attinet
2122 5766 2495 5839 intentionem,
2548 5769 2962 5827 constituerunt.
3028 5770 3091 5826 Et
3139 5786 3244 5827 non
3289 5769 3487 5825 erube-
