3998 6194
472 325 566 383 871

1565 316 1865 376 FACUNDI
1897 317 2113 374 EPiSC.
2151 313 2651 372 llERMlANENSiS

474 448 629 498 scunt
659 437 841 493 m‘iseri
870 449 962 490 ore
991 430 1251 501 sacrilego
1298 438 1454 499 atque
1481 430 1776 501 impudenti
1809 434 2048 502 procari-
2080 439 2130 497 Α
2157 433 2319 487 Deum
2399 430 2663 500 superbiae
2728 426 2916 483 cristas
2971 432 3262 480 erexerunt
3285 465 3298 486 ,

3630 312 3741 366 872.

3384 424 3742 494 prtrripientlo

475 540 581 585 tate
602 531 777 583 dicere
825 540 884 579 se
908 538 1066 577 unam
1095 538 1216 575 cum
1238 522 1612 575 damnantibus
1636 523 1793 576 fidem
1823 526 2041 577 tenere!
2114 596 2119 599 _
2153 528 2407 596 judicium
2431 527 2569 593 ejus,
2623 536 2926 590 novumque
2947 535 3184 576 errorem
3214 536 3310 588 por
3341 521 3742 575 damnationem

476 623 635 691 Quasi
677 635 805 673 vero
848 632 954 670 non
1000 624 1054 668 et
1103 616 1377 669 dmmones
1419 613 1640 669 credant
1679 626 1732 667 et
1771 616 2053 669 contremi-

478 724 661 776 scant,
712 709 805 763 sed
854 708 1220 776 operationem
1273 722 1377 760 non
1429 705 1528 760 nisi
1563 708 1786 771 erroris,
1816 722 1974 775 quam
2003 717 2058 759 et

480 810 593 863 ista:
621 804 832 857 novitire
866 812 1044 870 pestes
1066 810 1340 866 exercent,
1393 802 1593 855 habere
1618 810 1909 853 noscuntur
1955 800 2055 868 ipsi

481 910 725 953 errantes
758 904 811 949 ct
857 898 989 949 alios
1021 895 1071 947 in
1119 910 1358 949 errorem
1404 895 1696 948 mittentes.
1728 893 1910 961 Neque
1938 903 2057 943 tan-

482 989 751 1043 tummodo
783 986 958 1039 verbis
980 985 1325 1040 mendacibus
1352 986 1404 1038 ln
1434 999 1671 1039 errorem
1702 984 2058 1045 traducentes,

481 1084 573 1137 sed
605 1080 853 1135 violentis
876 1079 1095 1146 insuper
1125 1076 1586 1145 persecutionibns
1618 1075 1682 1127 ad
1706 1074 2058 1127 consentien-

484 1177 607 1228 dum
640 1174 739 1226 sibi
771 1173 853 1226 vel
880 1169 1382 1226 communicandum
1409 1182 1540 1237 quos
1569 1166 1840 1233 potuerint
1867 1174 2064 1231 pertra-

486 1266 663 1320 hendo
711 1271 986 1330 cogentes.
1059 1261 1123 1313 Et
1152 1274 1255 1312 non
1278 1259 1571 1313 intendunt
1599 1256 1838 1310 infelices
1884 1268 2065 1323 neque

488 1358 935 1419 animadvertunt,
969 1352 1107 1422 quod
1140 1368 1243 1406 non
1266 1367 1360 1406 eos
1382 1352 1554 1419 juvct,
1581 1350 1687 1402 imo
1717 1348 1919 1402 etsatis
1942 1362 2063 1415 gra-

491 1458 597 1510 vet,
616 1448 770 1499 dictis
801 1444 1034 1512 polliceri
1059 1458 1214 1498 nosse
1239 1443 1428 1503 Deum,
1460 1441 1611 1495 factis
1633 1448 1808 1491 autem
1833 1438 2067 1506 negare?

491 1539 746 1605 Quoniam
778 1551 966 1591 revera
1020 1537 1060 1588 si
1101 1535 1362 1589 veraciter
1396 1532 1652 1593 confessi,
1700 1532 1813 1585 sive
1838 1531 1926 1583 alii
1968 1543 2067 1599 pro

494 1633 573 1685 eis
601 1646 720 1684 cum
751 1629 1148 1697 baptizarentur
1190 1624 1415 1694 profeSsi
1465 1631 1589 1678 sunt
1653 1620 1875 1676 crcrlcre
1922 1634 1981 1673 se
2017 1620 2067 1672 in

497 1723 660 1777 Deum
689 1722 894 1773 Patrem
924 1718 1369 1785 omnipotentem,
1419 1724 1474 1769 et
1500 1716 1550 1766 in
1581 1713 1772 1767 Jesum
1796 1710 2068 1765 Christum

2157 619 2402 672 vivorum
2442 631 2505 670 ac
2540 627 2870 670 mortuorum
2910 614 3218 676 condendo,
3272 624 3325 667 et
3364 623 3605 669 veterem
3659 630 3743 668 re-

2160 710 2481 775 staurando,
2529 722 2650 763 cum
2696 717 2747 760 ct
2780 705 3171 773 Accphalorutn
3219 703 3459 758 fautores
3517 719 3742 765 consur.

2159 814 2342 872 tesque
2364 801 2541 856 eﬂ‘ecti
2570 808 2713 858 sunt.
2745 807 2800 853 et
2826 798 3038 851 caeteris
3096 796 3368 851 ltzereticis
3398 796 3627 850 dextras
3651 797 3745 849 de.

2159 896 2373 959 derunt,
2395 902 2452 946 ut
2467 894 2620 946 liceat
2643 893 2721 945 eis
2741 890 2952 958 quoties
2979 888 3196 943 libuerit
3215 888 3550 956 etquomodo
3576 888 3748 940 libue-

2161 988 2234 1041 rit
2277 984 2699 1039 orthodoxorum
2743 982 3051 1050 pontificum
3082 978 3301 1034 decreta
3329 977 3635 1033 rescindere
3668 980 3753 1029 vel

2162 1078 2435 1130 damnare.
2475 1074 2656 1143 Neque
2685 1072 2848 1133 enim,
2878 1079 2936 1123 ut
2959 1070 3265 1138 ignorantes
3292 1067 3506 1137 quidam
3539 1069 3749 1124 dicunt.

2165 1170 2324 1223 trium
2355 1167 2722 1236 Capitulornm
2750 1165 2951 1233 geritur
2975 1176 3162 1224 causa,
3180 1161 3273 1214 sed
3301 1161 3536 1213 omnium
3572 1161 3753 1226 ponti—

2167 1259 2346 1323 ticum,
2378 1258 2492 1327 qni,
2536 1258 2603 1310 ab
2628 1254 2887 1323 apostolis
2925 1251 3400 1321 apostolornmque
3419 1252 3752 1304 successori-

2166 1351 2266 1405 bus
2295 1364 2467 1418 usque
2489 1348 2554 1402 ad
2594 1346 2859 1419 synodum
2896 1343 3413 1408 Chalcedonensem,
3461 1342 3513 1396 in
3539 1356 3640 1411 qua
3659 1356 3757 1395 ea-

2170 1441 2290 1495 dem
2319 1438 2560 1508 Capitula
2605 1437 2903 1491 orthodoxa
2937 1443 3062 1489 sunt
3101 1434 3358 1503 judicata,
3387 1447 3449 1487 ac
3494 1432 3751 1497 deinceps

2174 1533 2239 1586 ad
2266 1540 2447 1587 nostra
2470 1545 2638 1600 usque
2663 1541 2901 1597 tempora
2925 1527 2977 1582 in
3003 1543 3104 1582 una
3127 1526 3423 1594 eademque
3442 1525 3759 1580 defensione

2175 1632 2336 1691 atque
2360 1622 2738 1677 communione
2761 1620 3135 1689 perdurantes,
3159 1616 3406 1672 catholici
3429 1632 3492 1670 ex
3522 1616 3625 1671 hac
3646 1617 3761 1669 vita

2178 1713 2531 1784 emigrarunt,
2563 1718 2871 1780 perpetrata
2897 1710 3113 1765 doletur
3142 1710 3429 1764 damnatio.
3462 1707 3614 1774 Quod
3646 1708 3767 1761 cvi-

499 1814 687 1868 Filium
725 1810 859 1879 ejus,
908 1810 1035 1863 etin
1083 1807 1342 1875 Spiritum
1367 1814 1634 1867 sanctum,
1674 1802 1814 1873 quod
1846 1799 2073 1869 symboli
2108 1793 2153 1851 Β
2182 1805 2515 1860 dentissimis
2544 1803 2878 1857 documentis
2907 1800 3231 1856 etveridicis
3262 1798 3549 1853 rationibus
3578 1808 3765 1866 pater-

499 1913 643 1959 tenet
668 1901 989 1965 auctoritas,
1014 1900 1272 1953 veraciter
1290 1912 1503 1967 quoque
1530 1894 1748 1949 credere
1779 1892 2078 1946 debuerunt

501 2004 553 2047 et
580 1993 844 2062 patienter
865 1999 1179 2057 exspectare
1208 1988 1456 2041 eumdem
1485 1986 1670 2038 Filium
1704 1984 1793 2036 Dei
1820 1990 1875 2035 et
1907 1981 2080 2034 homi-

503 2086 582 2136 nis
635 2082 818 2136 Jesurn
872 2079 1141 2131 Christum
1203 2076 1484 2128 Dominum
1536 2082 1778 2126 nostrum
1837 2079 2081 2138 tempore

502 2170 765 2239 praeﬁnito
787 2178 1072 2222 venturum
1104 2167 1169 2221 de
1192 2167 1341 2219 (telis
1372 2164 1438 2218 ad
1469 2162 1811 2232 judicandutn
1844 2162 1994 2214 vivos
2029 2169 2085 2215 et

506 2272 743 2316 mortuos
771 2279 785 2327 ;
821 2269 875 2314 ct
898 2276 1001 2313 non
1035 2260 1133 2327 ipsi
1157 2272 1297 2313 nunc
1324 2257 1484 2327 impia
1514 2256 1862 2310 Vehementer
1890 2255 2080 2309 atroci-

507 2364 632 2417 tate,
664 2362 719 2407 et
739 2353 977 2407 viventes
1000 2367 1117 2417 nos,
1149 2360 1465 2429 etﬂmurtuos
1491 2349 1615 2403 olirn
1640 2348 1934 2402 catholicos
1959 2362 2089 2415 pen-

508 2446 675 2499 titit-es
698 2458 802 2497 non
830 2445 1002 2497 solum
1027 2442 1289 2511 judicare,
1320 2457 1508 2496 verum
1530 2440 1690 2494 etiam
1716 2440 1871 2510 quasi
1901 2454 2089 2509 perpe-

510 2544 614 2587 tuae
661 2534 942 2589 sententia:
988 2534 1328 2588 anathemate
1358 2531 1740 2587 condemnare.
1794 2530 1900 2587 Sed
1935 2530 2093 2584 forsi-

510 2636 596 2676 tan
647 2638 744 2691 pro
766 2639 857 2676 sua
886 2623 1170 2677 sanctitate
1197 2630 1252 2677 et
1294 2621 1614 2675 mirabilitnn
1664 2636 1884 2689 operum
1911 2622 2092 2674 eftit-a-

514 2716 617 2776 cia,
653 2724 708 2767 ut
739 2724 859 2781 pote
884 2713 1095 2782 judices
1122 2713 1363 2767 vivorum
1385 2721 1441 2766 et
1463 2720 1819 2785 mortuorum,
1844 2725 1871 2765 a
1900 2719 2095 2765 semet-

514 2806 663 2873 ipsis,
692 2805 818 2873 quin
851 2804 958 2859 itno
996 2819 1027 2859 a
1057 2814 1209 2872 patre
1238 2817 1337 2857 suo
1386 2803 1599 2879 diabolo
1647 2802 1944 2867 constituti,
1999 2801 2097 2871 hos

517 2897 661 2964 ipsos
687 2904 926 2949 mortuos
953 2909 1090 2965 quos
1120 2895 1507 2950 damnaverunt
1538 2895 1889 2949 resuscitasse
1930 2909 1989 2947 se
2016 2892 2099 2946 di—

520 2996 673 3050 cunt,
708 2994 763 3041 et
784 2985 862 3040 sic
910 2986 1090 3040 audita
1120 3001 1307 3041 eorum
1331 3001 1513 3051 causa,
1567 2987 1709 3041 sicut
1738 2985 1996 3038 Dominus
2047 2983 2098 3036 in

520 3078 808 3147 Evangelia
831 3076 990 3132 dicit:
1012 3077 1123 3149 Ego
1154 3080 1282 3131 sicut
1305 3079 1460 3132 audio
1475 3077 1662 3150 judico
1689 3075 1867 3147 (Joun.
1896 3091 1948 3139 v,
1981 3076 2099 3143 50),

2183 1909 2367 1949 narum
2394 1893 2735 1947 traditionum
2779 1892 2863 1946 hic
2894 1892 3054 1947 latius
3082 1891 3367 1947 ostendere
3395 1904 3695 1958 possemus,
3723 1888 3765 1940 si

2183 1985 2437 2054 castigata
2465 1985 2666 2038 sineret
2689 1983 2945 2038 brevitas.
2973 1982 3176 2048 Quibus
3209 1982 3488 2050 diligenter
3520 1978 3770 2033 con-ide-

2185 2077 2314 2131 ratis
2360 2085 2519 2145 atque
2566 2075 2796 2140 libratis,
2833 2074 3035 2143 judicet
3080 2074 3318 2143 quisquis
3362 2071 3623 2142 judicium
3671 2070 3771 2124 Dei

2188 2170 2397 2235 metuit,
2440 2168 2677 2237 quisquis
2730 2167 2821 2221 Dei
2872 2166 3065 2220 Filium
3096 2176 3333 2233 tempore
3362 2173 3664 2232 opportuno
3723 2163 3773 2214 in

2191 2259 2364 2314 forma
2392 2257 2534 2313 servi
2566 2271 2723 2327 quam
2750 2270 2846 2326 pro
2875 2257 3030 2311 nobis
3059 2255 3294 2324 suscepit
3344 2263 3626 2308 venturum
3654 2266 3775 2306 ere-

2191 2350 2269 2405 dit
2290 2360 2342 2405 et
2362 2350 2651 2404 confitetur
2668 2348 2901 2417 judicent
2929 2347 3292 2410 manifestum,
3317 2359 3473 2414 quem
3503 2343 3776 2398 credendo

2192 2440 2378 2495 didicit
2421 2440 2474 2493 in
2507 2438 2834 2508 plenitudine
2866 2438 3122 2506 temporis
3150 2437 3363 2499 venisse
3390 2435 3681 2495 occultum,
3734 2432 3778 2485 si

2197 2531 2247 2583 hi
2276 2530 2406 2584 tales
2429 2530 2515 2596 qui
2539 2528 2883 2598 superbiores
2907 2536 2961 2582 et
2988 2526 3401 2581 cxcellentiores
3427 2525 3649 2578 audacia
3666 2522 3781 2576 dia-

2198 2623 2344 2684 bolo,
2381 2622 2713 2676 Antichristo
2745 2635 2954 2691 quoque
2982 2621 3221 2675 existunt
3263 2619 3591 2684 deteriores,
3627 2616 3782 2672 Chri-

2198 2713 2372 2767 stiano
2397 2712 2587 2767 saltem
2617 2712 2832 2767 nomine
2873 2710 3149 2777 censendi,
3180 2720 3234 2765 et
3264 2726 3369 2763 non
3413 2709 3590 2779 potius
3624 2710 3782 2763 Anti-

2199 2806 2385 2861 christi
2430 2805 2657 2860 ministri
2706 2788 3029 2873 appellandi,
3063 2803 3342 2872 nodisque
3387 2802 3638 2856 omnibus
3678 2801 3790 2856 sint

2202 2897 2454 2968 fugiendi.
2489 2898 2618 2964 Quae
2645 2910 2763 2950 eum
2800 2897 2870 2951 ita
2892 2896 3018 2961 sint,
3050 2894 3321 2965 quomodo
3345 2896 3454 2963 jam
3483 2894 3566 2948 eis
3593 2895 3791 2962 poterit

2204 3003 2450 3046 constare
2480 2991 2619 3061 quod
2645 2990 2866 3046 credere
2909 3005 2969 3046 se
2994 2990 3178 3045 dicunt
3218 2990 3269 3043 in
3300 2989 3464 3043 Deum
3493 2988 3711 3043 Patrem
3742 2998 3795 3041 ct

2207 3082 2259 3134 in
2290 3080 2480 3135 Filium
2512 3080 2651 3148 ejus,
2680 3081 2817 3148 quod
2850 3081 3103 3149 prmccdit
3135 3081 3185 3133 in
3224 3079 3491 3148 symbolo,
3524 3095 3653 3133 eum
3688 3094 3797 3133 non

521 3167 700 3237 iudicii
742 3169 1062 3223 sententiam
1093 3168 1345 3222 adversus
1375 3182 1469 3221 eos
1500 3169 1858 3234 protulerunt.
1890 3166 2095 3231 Qntcri-
2130 3156 2173 3216 C
2206 3173 2288 3224 eis
2314 3178 2525 3227 constet
2555 3170 2695 3240 quod
2731 3172 2841 3225 illic
2885 3171 3230 3239 sobcquitur
3259 3169 3327 3224 de
3354 3185 3459 3223 uno
3488 3171 3801 3239 eodemque

524 3274 640 3312 mus
661 3273 788 3328 ergo
811 3259 875 3311 ab
904 3258 983 3313 eis
1009 3257 1221 3328 quando
1244 3257 1511 3312 redivivos
1537 3270 1721 3309 eorum
1754 3254 1967 3308 cineres
1995 3254 2106 3307 col-

523 3349 768 3418 legerint,
809 3364 1007 3419 eosque
1044 3350 1500 3407 resuscitavcriut.
1528 3358 1622 3402 aut
1651 3348 1741 3402 ubi
1771 3347 1837 3401 ad
1855 3346 2106 3416 judican-

525 3439 649 3492 dum
673 3440 932 3493 sederint.
988 3439 1189 3507 Nempe
1237 3440 1288 3493 in
1320 3440 1456 3493 valle
1497 3437 2109 3507 Josapltatjndieaturus

525 3540 608 3583 est
639 3528 893 3583 Dominus
915 3544 1101 3583 omnes
1124 3538 1332 3599 gentes,
1366 3529 1608 3599 quamvis
1636 3537 1690 3583 et
1718 3530 1879 3582 altum
1914 3528 2110 3582 habent

527 3621 877 3675 intellectum.
903 3622 1146 3692 Nunquid
1181 3631 1357 3676 tamen
1392 3621 1539 3675 vallis
1564 3621 2109 3688 JosaphatConstan-

529 3711 798 3777 tinOpolis,
857 3713 944 3767 ubi
996 3714 1096 3771 hoc
1150 3713 1459 3768 inchoatum
1519 3713 1913 3784 sacrilegium?
1961 3711 2110 3766 Nun-

528 3801 655 3870 quid
684 3802 835 3856 vallis
862 3802 1118 3873 Josaphat
1156 3817 1363 3860 (311310”:
1394 3814 1552 3859 urges
1584 3815 1637 3857 et
1666 3807 1931 3868 civitates,
1992 3819 2111 3872 qua:

531 3890 647 3944 nefa
690 3891 817 3945 dum
880 3892 935 3947 iu
985 3893 1327 3948 damnatione
1390 3895 1631 3947 vivorum
1682 3904 1735 3947 et
1778 3904 2110 3947 mortuorum

530 3984 792 4053 prolatum
822 3984 1194 4052 subscripsere
1238 3999 1627 4054 suscepercque
1666 3985 1941 4039 decretum
1971 3984 1992 4037 ’ἰ
2027 3985 2111 4037 Di-

529 4082 651 4127 cant
678 4074 839 4128 etiam
862 4084 916 4128 et
936 4076 1216 4129 ostendant
1243 4076 1328 4129 ubi
1351 4077 1630 4129 damnazos
1663 4092 1788 4129 suos
1818 4076 2113 4130 constitue-

532 4176 674 4230 runt,
699 4176 756 4221 ut
785 4182 815 4219 a
841 4166 987 4220 nullo
1006 4182 1111 4221 non
1138 4167 1447 4231 damnante,
1482 4166 1582 4221 nisi
1607 4177 1810 4221 tantum
1839 4182 1868 4220 a
1894 4166 2114 4221 damna-

535 4258 763 4324 toribus,
798 4258 996 4312 sciatur
1022 4274 1089 4311 an
1114 4258 1246 4326 ipsis
1268 4259 1396 4312 solis
1424 4259 1600 4311 aditus
1633 4267 1900 4312 reseratus
1930 4268 2011 4312 est
2037 4258 2112 4310 iu-

532 4349 764 4405 ferorntn
796 4350 980 4405 locus?
1015 4350 1202 4405 Dicant
1228 4349 1423 4405 deinde
1453 4352 1607 4403 nobis
1630 4351 1956 4417 vitentibus,
1977 4366 2113 4419 quos

531 4457 650 4497 cum
705 4442 909 4508 pridcnt
968 4443 1197 4498 mortuis
1251 4442 1689 4509 damnaverunt,
1751 4442 1964 4512 quando
2017 4444 2114 4497 hos

2208 3263 2418 3317 Christo
2446 3262 2753 3331 specialiter
2791 3263 2987 3315 dictum
3012 3302 3026 3327 ,
3054 3263 3139 3331 qui
3170 3272 3407 3316 venturus
3454 3272 3527 3315 est
3548 3263 3803 3331 judicare

2207 3355 2342 3407 rivos
2373 3363 2417 3405 et
2450 3362 2699 3407 mortuos.
2734 3353 2993 3420 Quoniam
3022 3352 3132 3417 isti,
3155 3355 3294 3408 sicut
3321 3354 3569 3420 superius
3592 3353 3803 3406 dictum

2210 3456 2593 3513 ostensutnque
2623 3453 2725 3509 est,
2752 3455 2804 3498 et
2835 3443 2886 3496 in
2918 3444 3143 3497 mortuis
3174 3444 3300 3498 olim
3330 3452 3384 3497 ct
3408 3444 3458 3496 in
3492 3444 3809 3497 viventibus

2212 3536 2366 3588 nobis
2395 3534 2752 3589 damnationis
2792 3548 2902 3588 sua:
2939 3533 3116 3603 jacula
3165 3534 3528 3588 \‘ibraveruut.
3576 3533 3691 3588 Sed
3726 3534 3809 3587 bis

2214 3624 2503 3691 praemissis
2531 3622 2673 3677 aliud
2724 3623 2900 3676 adhuc
2931 3623 3227 3677 videamus.
3260 3623 3315 3676 Si
3360 3625 3502 3676 enim
3555 3631 3809 3701 mortuos

2214 3730 2345 3784 quos
2372 3714 2757 3768 damnaverunt
2785 3728 2945 3783 prave
2976 3712 3225 3767 docuisse
3274 3721 3325 3767 et
3357 3711 3620 3768 ltxeretico
3646 3726 3811 3767 sensu

2216 3810 2378 3862 libros
2410 3806 2797 3876 conscripsisse
2847 3805 3050 3869 dicunt,
3080 3805 3371 3874 quaerimus
3410 3806 3479 3858 ab
3516 3803 3597 3857 eis
3628 3814 3812 3858 utrum

2215 3912 2334 3950 cum
2366 3897 2605 3949 viverent
2655 3894 2909 3948 admoniti
2963 3896 3065 3948 sint
3090 3895 3239 3962 juxta
3281 3909 3485 3949 morem
3525 3890 3814 3949 catholica?

2216 3988 2570 4041 observantia:
2600 4002 2663 4041 ac
2695 3986 3015 4055 disciplinae,
3052 3996 3107 4040 ut
3136 4002 3321 4040 sanum
3354 3996 3681 4055 rectumque
3723 4003 3814 4040 sa-

2218 4088 2425 4149 perent.
2461 4079 2801 4147 pertinaciter
2826 4080 3143 4146 restiterim,
3173 4079 3513 4147 convictique
3530 4079 3602 4133 de
3624 4094 3817 4133 errore

2218 4187 2334 4234 suo,
2370 4170 2450 4225 vel
2486 4171 2537 4223 itt
2576 4172 2753 4239 aliquo
2783 4170 3010 4224 concilio
3039 4170 3306 4235 accersiti,
3342 4177 3399 4223 ut
3428 4169 3598 4224 Arius
3642 4171 3697 4223 in
3724 4169 3820 4223 Νῖ-

2218 4276 2387 4325 οίυηυ,
2421 4260 2759 4315 Macedonius
2790 4262 2841 4314 in
2871 4261 3486 4328 ConstantinOpolitann,
3519 4261 3818 4317 Nestorius

2219 4353 2270 4407 in
2292 4352 2557 4420 Ephesino
2582 4354 2770 4421 primo,
2792 4352 3059 4423 Eutycltes
3079 4363 3239 4423 atque
3259 4353 3547 4407 Dioscorus
3568 4354 3627 4409 in
3651 4354 3823 4411 Chal-

2219 4443 2531 4511 cedonensi,
2554 4443 2891 4498 condemnati
2915 4444 3107 4499 fuerint
3128 4459 3316 4499 necne.
3342 4446 3400 4498 Si
3428 4444 3632 4499 factum
3658 4446 3827 4501 dixe-

537 4534 667 4585 tnori
696 4532 937 4597 fecerint,
993 4534 1341 4602 protinusque
1372 4533 1831 4598 resuscitaverint,
1896 4534 2034 4586 sicut
2061 4532 2111 4585 in
2144 4527 2195 4586 D
2223 4538 2348 4601 rint,
2380 4552 2500 4591 mox
2544 4535 2671 4590 ferri
2700 4534 2973 4606 synodalia
3021 4544 3167 4604 gesta
3197 4536 3638 4605 ﬂagitaverirnus,
3683 4537 3832 4591 sicut

536 4626 649 4691 illo,
708 4627 789 4681 vel
820 4638 943 4680 ante
975 4626 1106 4681 illud
1149 4627 1355 4681 Domini
1392 4627 1649 4696 judicium
1697 4643 1824 4697 erga
1852 4627 1948 4680 hos
1981 4641 2113 4695 quos

537 4718 589 4770 itt
634 4733 794 4771 carne
844 4718 1228 4785 νίνενιιίοειξῙιις
1279 4718 1536 4772 adventus
1581 4719 1844 4773 invenerit
1877 4717 2111 4771 futurum

536 4808 801 4859 Cullttiilca
845 4805 1131 4859 confitetur
1168 4806 1431 4861 Ecclesia.
1510 4808 1661 4874 Quod
1694 4810 1737 4862 si
1772 4810 1885 4861 haec
1914 4810 2113 4871 etalia,

535 4916 652 4967 qua:
683 4912 921 4968 tempore
948 4900 1046 4953 soli
1084 4900 1193 4953 Deo
1222 4902 1435 4969 cognito
1466 4912 1687 4955 ventura
1712 4902 2002 4966 credimus,
2030 4904 2107 4955 fa-

532 5008 657 5048 cere
681 4992 1050 5061 nequiverunt,
1092 5009 1212 5062 qua:
1235 4992 1499 5046 dementia
1546 4994 1707 5047 corda
1738 5011 1922 5048 eorum
1971 4994 2119 5047 inva—

537 5085 637 5150 sit,
684 5085 976 5153 oculosque
1023 5098 1210 5139 eorum
1264 5086 1469 5139 fumosa
1516 5100 1613 5139 sua
1672 5087 1877 5140 vanitas
1906 5128 1920 5154 ,
1976 5087 2119 5138 velut

536 5174 825 5229 densarum
848 5175 1298 5246 palpabilinmque
1324 5178 1663 5232 tenebrarum
1687 5193 1847 5247 opaea
1875 5192 1999 5243 nox,
2026 5178 2119 5231 Oli-

536 5267 775 5329 cmcavit,
807 5277 863 5319 ut
893 5284 995 5319 non
1026 5267 1269 5321 viderent
1294 5285 1390 5322 nec
1442 5281 1848 5336 perseveranter
1879 5280 2121 5324 tenerent

537 5357 675 5420 quod
725 5358 772 5409 in
796 5359 1044 5426 symbolo
1068 5361 1282 5428 quando
1317 5361 1566 5429 baptizati
1591 5373 1717 5415 sunt
1743 5373 2066 5429 acceperunt
2099 5363 2119 5415 ?

538 5448 641 5502 Sed
674 5463 768 5516 pr.)
790 5464 887 5502 suo
915 5451 1089 5514 libitn,
1140 5452 1298 5504 modo
1332 5453 1643 5506 muneribus
1666 5453 1924 5521 corrupti,
1957 5452 2117 5507 modo

541 5539 831 5592 honoribus
867 5548 921 5593 et
945 5542 1327 5597 ambitionibus
1368 5543 1552 5611 illecti,
1595 5542 1752 5595 modo
1775 5544 1935 5597 etiam
1962 5558 2119 5611 pete-

540 5631 703 5699 grina:
736 5633 846 5684 sive
887 5632 1059 5701 potius
1104 5635 1422 5703 serpentium
1468 5635 1717 5689 versutia:
1745 5633 1989 5688 doctrina
2016 5636 2119 5688 eir—

540 5722 833 5788 cntnducd,
859 5734 1120 5793 ventoque
1146 5730 1409 5795 superbiae
1432 5730 1592 5784 afﬂati
1623 5740 1675 5784 et
1707 5730 1894 5795 inﬂati,
1933 5738 2118 5783 contra

2222 4625 2410 4679 horum
2445 4625 2818 4693 proferuntur,
2851 4625 2937 4679 ubi
2976 4624 3359 4678 condemnatus
3401 4640 3588 4679 eorum
3625 4641 3830 4688 error,

2223 4718 2307 4769 ubi
2333 4718 2532 4786 prolata
2556 4717 2812 4771 adversus
2842 4730 2935 4770 eos
2966 4717 3229 4771 sententia
3247 4717 3521 4771 doceatur.
3546 4717 3608 4772 Si
3635 4728 3829 4773 esten.

2220 4809 2418 4875 derint,
2445 4824 2629 4862 rursus
2652 4809 2938 4877 quaerimus
2958 4808 3226 4877 quomodo
3256 4823 3351 4878 per
3372 4819 3591 4863 centum
3623 4822 3686 4865 et
3708 4827 3832 4863 am-

2222 4901 2361 4969 plius
2384 4914 2643 4954 annorum
2667 4901 2859 4953 seriem
2886 4899 3188 4952 universam
3209 4899 3529 4951 catholich
3556 4898 3836 4955 latuerint

2227 4991 2541 5054 Ecclesium,
2574 5004 2690 5043 cum
2722 4999 2770 5043 et
2801 4989 3048 5042 humana:
3095 4989 3240 5057 leges
3275 4988 3487 5057 triginti
3520 4991 3692 5043 annis
3736 4992 3843 5043 hu-

2224 5096 2408 5135 manas
2439 5082 2675 5134 adimant
2706 5080 3051 5149 quaestiones,
3082 5089 3137 5133 et
3161 5079 3419 5133 Dominus
3443 5088 3639 5133 nos:er
3669 5080 3774 5135 Jes
3800 5095 3842 5133 is

2224 5174 2469 5228 Christus
2497 5175 2751 5242 apostolis
2781 5174 2893 5227 suis
2924 5181 3243 5242 potestatem
3276 5172 3474 5239 ligandi
3502 5181 3681 5242 atque
3715 5189 3785 5227 So
3822 5205 3837 5215 .

2225 5267 2382 5320 voudi
2417 5264 2783 5320 tantummodo
2814 5280 2932 5333 qua:
2970 5278 3131 5333 super
3184 5272 3538 5335 terram‘sunt
3576 5263 3844 5317 divinam

2226 5358 2433 5412 dederit
2479 5358 2669 5424 legem.
2702 5360 2804 5409 Aut
2855 5355 2943 5409 ubi
2984 5364 3233 5423 putamus
3279 5353 3465 5407 eadem
3499 5352 3851 5410 delituerint

2226 5463 2403 5521 gesm,
2437 5462 2493 5505 ut
2546 5466 2713 5517 nuper
2761 5448 2827 5503 ad
2878 5448 3248 5502 damnantium
3297 5446 3695 5515 solummodo,
3732 5465 3851 5500 non

2227 5544 2386 5599 etiam
2415 5543 2479 5595 ad
2510 5558 2613 5595 non
2641 5542 3007 5595 damnantium
3038 5540 3278 5594 notitiam
3306 5540 3587 5609 pervenire
3616 5543 3849 5608 potuisa

2227 5637 2386 5691 sent?
2416 5635 2469 5689 Si
2510 5645 2687 5689 autem
2711 5674 2726 5699 ,
2755 5634 2896 5703 quod
2932 5634 3098 5703 magis
3126 5648 3307 5689 verum
3351 5641 3681 5701 certumque
3717 5643 3811 5686 est
3832 5673 3853 5699 ,

2229 5729 2471 5798 proferre
2488 5725 2686 5795 aliquid
2711 5727 2815 5781 tale
2836 5725 3127 5795 antiquitus
3142 5734 3348 5792 gestum
3369 5733 3678 5791 nequeunt,
3709 5728 3851 5791 quia
