3998 6202
242 305 357 365 873

1386 295 1711 369 EPISTULA
1753 288 1932 349 FIDEI
1970 282 2408 347 CATIIOLIC,E.

3326 296 3333 301 ·
3403 275 3509 334 8η

237 438 293 489 in
318 429 541 486 veritate
568 419 712 493 quod
747 417 1016 487 proferant
1047 428 1154 469 non
1200 412 1423 478 habent,
1478 426 1581 465 nos
1608 415 1825 463 econtra
1856 408 1902 465 Α
1938 402 2132 493 vimus.
2166 397 2456 493 Epistolam
2484 408 2665 493 quam
2692 391 3019 493 venerabi‘is
3048 391 3136 448 Iba
3166 390 3295 493 Mari
3330 391 3510 493 fers?

244 519 568 593 proferimus
593 510 879 585 synodicas
903 507 1157 577 epistolas
1186 503 1506 563 Antiocheni
1534 500 1747 593 concilii
1773 499 1828 593 in

244 590 614 669 defensionem
635 600 904 659 Theodori
931 598 1305 666 dictorumque
1329 594 1467 665 eius,
1496 593 1585 664 qui
1613 592 1683 646 ab
1714 590 1832 646 iStis

246 718 389 761 novo
411 699 523 770 jam
549 694 772 752 hmresis
812 690 1029 746 nomine
1050 687 1380 757 crimineque
1425 685 1755 749 cauteriatis,
1780 682 1831 737 id

246 805 335 852 est
374 786 744 848 Necrodioctis
790 782 906 836 sive
950 776 1294 834 Porciunistis
1325 784 1379 841 ι,
1402 775 1686 830 damnatus
1726 780 1829 826 est.

250 888 600 953 Congregatm
637 872 833 931 deinde
862 879 1060 925 sanctae
1103 866 1557 924 Chalcedonensis
1602 862 1834 934 synodi,

254 977 406 1045 cujus
434 968 737 1028 auctoritati
784 963 961 1019 nullus
1005 960 1107 1015 nisi
1154 960 1437 1013 hzt-reticus
1488 954 1834 1045 contradicit,

258 1074 407 1140 gesta
450 1064 917 1119 deutoustratnus;
943 1051 1028 1106 ubi
1060 1066 1164 1104 non
1193 1052 1364 1105 solum
1398 1048 1540 1102 beati
1572 1044 1837 1140 T‘iiCOdO-l'i

260 1133 443 1211 Lude:
463 1160 725 1214 suscepta:
754 1153 812 1200 et
839 1143 1093 1207 recitata),
1120 1147 1320 1195 etcum
1349 1134 1645 1193 admirabili
1675 1133 1837 1205 gloria

263 1243 560 1315 praedicata
580 1246 724 1304 sunt,
744 1250 929 1293 verum
960 1233 1117 1286 etiam
1135 1230 1358 1300 epistola
1377 1226 1696 1283 venerabilis
1716 1225 1838 1315 Ihm,

263 1313 383 1408 qua:
411 1335 477 1388 ab
504 1330 622 1386 istis
644 1337 701 1383 ut
725 1324 883 1395 impia
905 1326 1263 1379 condemnata
1280 1330 1383 1383 est,
1414 1318 1710 1408 orthodosa
1734 1313 1846 1369 illic

266 1407 603 1500 pronuntiata
640 1420 863 1475 docetur
890 1426 1051 1485 atque
1091 1412 1321 1467 laudata.
1352 1407 1680 1500 Theodoreti
1712 1420 1846 1500 quo:

268 1494 373 1591 que
398 1515 691 1571 doctrinam
714 1508 914 1565 dudum
961 1516 1015 1563 et
1040 1520 1068 1559 a
1092 1502 1355 1574 principio
1380 1499 1695 1556 orthodoxa:
1719 1494 1846 1591 ﬁdei

270 1583 553 1665 conciuere
604 1603 659 1656 in
702 1599 909 1654 eadem.
933 1595 1138 1667 synodo
1186 1590 1568 1653 acclamatum,
1607 1594 1662 1641 et
1703 1583 1847 1655 digni

272 1697 499 1767 utrique,
524 1692 626 1747 hoc
656 1698 738 1745 est
764 1685 1132 1743 Theodoretus
1160 1692 1216 1737 ct
1242 1682 1349 1748 lba,
1376 1680 1685 1767 episcopatu
1705 1673 1849 1767 indi:

1932 490 2180 561 scripsit,
2208 488 2461 543 relectum
2488 499 2518 538 a
2541 484 2697 540 nobis
2723 482 3080 538 orthodoxam
3108 496 3229 537 esse
3249 479 3513 552 judicavio

1934 598 2076 645 mus,
2102 590 2158 636 et
2183 579 2445 650 judicium
2476 586 2718 633 nostrum
2752 575 3097 630 concorditer
3128 572 3513 629 subscribendo

1933 668 2387 726 conﬁrmavimus.
2416 666 2525 722 Nos
2551 665 2855 721 Nestorium
2894 673 3019 718 ante
3051 662 3266 733 quidem
3296 661 3515 714 damna-

1937 771 2048 816 tum
2072 760 2260 814 iterata
2286 757 2630 812 damnatione
2651 770 2771 810 cum
2793 753 3033 825 Eutyche
3056 762 3217 823 atque
3241 752 3513 815 Dioscoro,

1938 864 2125 908 sancto
2155 852 2309 907 nobis
2349 850 2552 921 Spiritu
2593 846 2935 918 praesidente,
2974 846 3397 917 prostravimus:
3429 846 3517 916 qui

1936 944 2194 1014 judicium
2220 950 2462 996 nostrum
2494 940 2696 995 violare
2727 939 2932 1005 nititur,
2974 938 3257 993 haereticus
3288 947 3402 1002 cst;
3431 938 3521 1006 qni

1939 1036 2155 1090 decreta
2177 1029 2360 1089 nostra
2390 1035 2441 1085 in
2472 1032 2650 1101 aliquo
2674 1030 2980 1086 convelle-e
3007 1038 3296 1097 pertentat,
3318 1028 3524 1086 alienus

1941 1140 1970 1177 a
2000 1123 2262 1180 catholica
2312 1122 2415 1177 ﬁde
2437 1166 2451 1190 ,
2483 1120 2692 1175 alienus
2728 1134 2759 1173 a
2798 1119 3109 1175 Christiano
3156 1120 3377 1174 nomine
3419 1129 3523 1175 est.

1942 1209 2041 1278 Qui
2072 1210 2214 1265 enim
2245 1208 2345 1264 hos
2374 1223 2510 1279 quos
2533 1208 2831 1264 catholicos
2855 1209 3262 1277 pronuntiantes
3291 1208 3528 1265 laudavi-

1946 1316 2065 1355 mus
2096 1300 2348 1365 damnat,
2383 1300 2503 1353 illos
2545 1309 2600 1352 et
2653 1300 2958 1355 econtrario
2985 1313 3119 1368 quos
3163 1307 3222 1353 ut
3247 1298 3530 1354 haereticos

1947 1388 2421 1445 condemnavimus
2452 1388 2628 1444 laudat
2650 1430 2663 1453 ,
2709 1399 2764 1445 et
2806 1390 2924 1443 ideo
2955 1387 3238 1443 haereticus
3268 1398 3350 1443 est
3386 1388 3531 1457 quis-

1948 1483 2069 1553 quis
2099 1483 2233 1537 bcne
2260 1497 2288 1535 a
2320 1482 2474 1537 nobis
2504 1482 2740 1538 deﬁnitis
2783 1498 2887 1539 non
2932 1483 3259 1553 acquiescit,
3294 1484 3534 1553 quisqu’s

1950 1584 2189 1656 legitimo
2224 1593 2281 1639 et
2304 1584 2568 1640 catholico
2617 1585 2808 1642 ordine
2853 1585 3223 1641 determinatis
3272 1585 3537 1652 superbus

1954 1678 2198 1734 resultat.
2234 1677 2359 1732 Haec
2380 1676 2660 1733 audientes
2689 1677 2840 1747 quid,
2883 1694 2921 1733 rt
2942 1693 3151 1747 gamus,
3178 1677 3372 1732 dicturi
3403 1679 3537 1732 estis

271 1789 375 1843 cati
395 1761 564 1849 sunt,
592 1790 647 1836 ει
673 1779 971 1850 gubernare
1023 1774 1162 1829 δῖευι
1206 1769 1409 1841 Ρτίάειη
1444 1766 1708 1821 l5330185133
1750 1761 1852 1818 Sibi
1884 1767 1930 1827 Β
1960 1778 2037 1823 tot
2079 1767 2345 1838 prtcclaris
2389 1767 2729 1838 pontiﬁcibus
2776 1771 2857 1823 vel
2908 1771 3173 1825 universa:
3222 1784 3313 1838 per
3366 1777 3535 1825 totum

276 1877 504 1933 creditas
525 1870 771 1927 ordinati.
790 1868 993 1936 Quibus
1009 1862 1354 1938 praeostensis
1371 1857 1716 1929 preponimus
1738 1856 1855 1910 istis

276 1966 643 2038 Capitulorum
700 1958 1004 2027 nostrisque
1069 1952 1508 2016 damnataribus,
1564 1962 1858 2038 eorumque

278 2036 849 2119 communicatoribus,
877 2047 1002 2118 quid
1033 2045 1101 2101 de
1128 2044 1313 2099 eodem
1344 2055 1536 2111 magno
1561 2037 1640 2093 Ch
1665 2036 1857 2091 .lcedo-

280 2147 433 2206 nensi
464 2143 692 2202 concilio
732 2140 995 2203 sentiant,
1030 2145 1205 2190 utrum
1242 2132 1560 2188 catholicum
1602 2126 1729 2183 illud
1773 2127 1858 2181 di-

279 2246 426 2303 cant,
447 2252 515 2290 an
546 2232 686 2288 non?
708 2232 762 2287 Si
789 2229 1017 2285 dixerint
1043 2244 1055 2279 :
1082 2223 1414 2281 Catholicum
1446 2231 1549 2284 est,
1570 2216 1861 2287 responde-

280 2344 437 2385 mus:
468 2325 577 2381 Vos
600 2337 727 2393 ergo
752 2322 933 2391 procul
958 2318 1119 2372 dubio
1148 2314 1384 2369 haeretici
1415 2312 1566 2368 estis.
1596 2308 1859 2377 Quoniam

281 2420 369 2475 vel
408 2416 587 2489 quod,
615 2413 698 2468 vel
746 2425 881 2481 quos
922 2409 998 2463 illi
1045 2405 1228 2461 Patres
1270 2403 1467 2459 ibidem
1515 2402 1863 2471 praesidentes

284 2515 655 2574 laudaverunt,
674 2515 727 2561 et
741 2502 1019 2559 catholicae
1044 2499 1163 2555 ﬁdei
1184 2500 1469 2553 convenire
1489 2490 1863 2562 pronuntiaveo

284 2612 430 2668 runt,
459 2616 552 2657 vos
575 2611 631 2655 ut
664 2596 948 2651 haereticos
969 2602 1022 2647 et
1052 2589 1243 2659 impios
1271 2583 1698 2642 condcmnastis:
1724 2580 1865 2634 unde

285 2694 607 2758 conﬁcitur,
632 2686 809 2742 velitis
852 2685 1062 2746 nolit‘s.
1095 2682 1235 2737 sicut
1274 2676 1655 2747 consequentia
1702 2673 1866 2744 exigit

288 2783 538 2847 rationis,
570 2789 626 2834 ut
656 2777 779 2831 illos
802 2790 936 2839 quos
961 2774 1351 2827 damnavetunt
1378 2768 1675 2832 haereticos,
1711 2766 1869 2819 id’est

282 2874 617 2935 NeStorium,
646 2867 941 2939 Eutycltem
973 2874 1130 2934 atque
1173 2862 1507 2925 Dioscorum,
1534 2873 1627 2913 vos
1656 2873 1749 2913 eos
1781 2872 1869 2912 or-

287 2965 584 3028 thodoxos,
614 2963 714 3017 etsi
749 2976 852 3017 non
884 2960 1059 3015 verbis
1090 2970 1186 3027 pro
1227 2955 1502 3009 hominum
1534 2951 1753 3007 forsitan
1795 2949 1869 3003 ti-

288 3069 466 3119 more,
507 3056 759 3124 operibus
788 3059 953 3113 certe,
986 3060 1037 3104 et
1065 3047 1334 3104 effrenatis
1375 3041 1867 3115 persecutiouibus,

1960 1858 2213 1914 mundum
2240 1858 2448 1914 diffusa:
2470 1859 2747 1913 catholica:
2780 1859 3053 1927 Ecclesize,
3098 1859 3189 1930 qui
3218 1874 3403 1915 eorum
3430 1869 3541 1915 sta-

1962 1960 2072 2007 tuta
2101 1952 2296 2008 devote
2342 1968 2556 2025 semper
2583 1953 2867 2009 custodivit
2888 1996 2904 2020 ,
2933 1954 3299 2025 bactenusque
3330 1954 3384 2009 in
3426 1953 3541 2009 suis

1962 2040 2204 2110 reliquiis
2233 2042 2433 2111 ubique
2454 2051 2758 2113 prepagatts
2781 2044 3041 2110 custodit;
3070 2042 3123 2100 ui
3155 2046 3170 2099 i
3194 2045 3330 2101 forte
3351 2060 3538 2100 verum

1963 2131 2143 2188 dicere
2190 2133 2488 2199 volueritis,
2545 2146 2600 2188 et
2637 2136 2908 2204 quomodo
2948 2135 3120 2191 futura
3163 2148 3279 2192 erat
3324 2137 3545 2193 hteresis

1964 2222 2429 2280 Nccrodioctarnm
2463 2224 2577 2281 sive
2599 2226 3047 2282 Porcianistarum
3065 2226 3088 2280 i
3109 2226 3165 2283 Si
3185 2236 3365 2283 autem
3393 2228 3544 2282 dixe-

1965 2316 2110 2371 rint:
2144 2317 2465 2373 litareticum
2511 2327 2595 2374 est
2621 2318 3062 2375 Chalcedonense
3089 2320 3407 2387 concilium,
3437 2335 3547 2378 non

1966 2414 2047 2459 est
2070 2406 2180 2475 jam
2211 2408 2576 2463 necessarium
2608 2421 2791 2464 contra
2842 2425 2939 2466 eos
2978 2413 3189 2466 noviter
3232 2412 3544 2481 decertare,

1967 2497 2067 2550 nisi
2099 2506 2159 2552 ut
2182 2496 2478 2553 habeantur
2506 2498 2574 2553 ab
2605 2500 2867 2556 universis
2894 2501 2945 2556 in
2988 2502 3213 2557 veritate
3265 2502 3546 2559 catholicis

1967 2585 2105 2641 sicut
2152 2587 2246 2643 ille
2288 2587 2378 2661 ιιιιί
2418 2604 2445 2642 a
2489 2588 2716 2645 Domino
2760 2593 2812 2647 in
2853 2592 3145 2664 Evangelio
3186 2592 3548 2663 interrogatus

1968 2679 2109 2749 quod
2139 2681 2187 2735 ei
2218 2694 2416 2735 nomen
2466 2691 2631 2746 esset,
2676 2683 2952 2752 respondit
2984 2700 2999 2738 :
3034 2685 3210 2755 Legio,
3252 2685 3371 2755 quia
3400 2684 3551 2741 multi

1970 2786 2143 2825 sumus
2189 2768 2379 2841 (Marc.
2413 2789 2464 2837 ν,
2490 2772 2568 2841 υ).
2602 2774 2866 2841 Quoniam
2918 2790 3101 2831 revera
3133 2776 3223 2847 qui
3260 2786 3461 2833 sanctze
3498 2788 3553 2834 ct

1974 2874 2176 2930 magna:
2213 2860 2667 2919 Chalcedonensis
2707 2866 2899 2934 synodi
2927 2867 3232 2922 auctoritati
3277 2867 3555 2924 contradi-

1974 2963 2096 3003 cere
2118 2947 2173 3002 in
2198 2948 2377 3018 aliquo
2402 2950 2678 3018 praesumit
2701 2961 2789 3004 aut
2812 2962 3098 3021 pertentat,
3121 2964 3176 3009 et
3197 2954 3424 3010 Arianus
3446 2967 3552 3023 est,

1976 3049 2029 3093 et
2058 3038 2491 3104 Macedo‘uiauus,
2520 3051 2573 3095 et
2610 3041 2980 3109 Nestorianus,
3004 3052 3059 3099 et
3105 3045 3471 3116 Eutychianus
3496 3055 3554 3102 et

286 3153 347 3200 et
370 3144 754 3199 catholicorum
782 3141 1088 3211 pontiﬁcum
1121 3136 1545 3206 depulsionibus,
1577 3142 1628 3196 ct
1655 3130 1871 3188 hmreti-
1898 3134 1945 3198 C
1978 3134 2300 3204 Acephalus,
2324 3136 2406 3191 vel
2428 3136 2685 3207 quidquid
2703 3151 2766 3192 ex
2790 3137 2950 3193 variis
2973 3140 3262 3208 impietatis
3285 3140 3556 3197 intermicat

288 3250 483 3293 corum
508 3233 998 3304 subrogationibus,
1022 3231 1327 3300 scriptoque
1350 3229 1401 3283 in
1430 3226 1723 3283 catholicos
1754 3240 1875 3294 [ro—

292 3327 425 3382 latis
477 3324 907 3381 damnationibus
953 3319 1313 3391 pronuntiatis
1356 3326 1517 3389 atque
1552 3315 1872 3388 pradicatis.

295 3418 539 3486 Denique
563 3415 615 3470 in
639 3430 742 3469 una
765 3414 1059 3483 eademque
1076 3408 1497 3466 Chulcedonensi
1513 3407 1717 3478 synodo
1739 3406 1877 3461 inter

292 3505 400 3562 alia
425 3507 539 3561 haec
564 3519 775 3576 quoque
805 3503 1029 3559 deﬁnita
1067 3502 1314 3555 consistit
1341 3514 1525 3566 causa,
1558 3496 1878 3567 approbatio

292 3600 508 3656 scilicet
529 3610 583 3654 ct
599 3596 870 3652 damnatio
894 3596 1073 3651 trium.
1105 3594 1244 3649 Ecce
1267 3594 1410 3648 enim
1430 3601 1605 3645 astant
1628 3591 1880 3659 quodam-

295 3688 461 3744 modo
484 3704 547 3742 ex
566 3704 667 3741 una
692 3696 840 3756 parte
862 3685 1101 3756 ejusdem
1125 3684 1334 3739 concilii
1352 3682 1683 3745 Theodorus,
1703 3696 1882 3750 quam-

296 3780 383 3833 vis
409 3780 519 3847 jam
571 3776 890 3843 defunctus,
919 3776 1013 3831 sed
1062 3778 1114 3829 in
1159 3772 1432 3846 synodicis
1481 3772 1722 3842 epistolis
1764 3770 1881 3839 ejus

298 3871 489 3926 laudes
505 3854 925 3933 coittinentibus,
942 3868 1244 3937 ibidemque
1259 3867 1463 3921 relictis
1480 3873 1533 3918 ct
1553 3880 1636 3933 ap;
1658 3864 1811 3918 robat
1833 3878 1876 3927 s,

299 3962 511 4029 vivens,
538 3960 910 4016 Theodotetus
937 3973 1145 4028 quoque
1190 3968 1243 4012 et
1268 3957 1357 4010 lba
1389 3955 1590 4010 laudati
1617 3963 1671 4009 et
1699 3954 1882 4007 ortho-

301 4055 431 4108 doxi
459 4052 814 4123 pronuntiati;
847 4060 900 4106 et
920 4067 984 4105 ex
1016 4052 1116 4104 alia
1146 4048 1487 4103 nihilominus
1516 4056 1664 4115 parte
1689 4044 1882 4100 Nesto-

298 4145 415 4199 rius
445 4143 497 4197 in
525 4142 737 4211 Epheso
764 4141 979 4213 quidem
1030 4140 1200 4208 primo
1229 4140 1537 4206 damnatus,
1570 4137 1661 4192 sed
1694 4136 1884 4191 iterato

302 4234 668 4289 damnationis
693 4234 907 4287 vinculo
946 4231 1287 4286 Chalcedone
1316 4232 1584 4299 illigatus:
1618 4229 1884 4298 Eutyches

302 4325 470 4378 etiam
497 4334 654 4393 atque
686 4323 970 4377 Dioscorus
1001 4321 1107 4375 illic
1139 4321 1385 4375 similiter
1414 4328 1472 4374 ut
1497 4320 1733 4374 bmretici
1759 4336 1885 4374 con-

301 4413 559 4467 demnati.
578 4414 713 4480 Quid
738 4413 951 4466 dicitis?
976 4412 1218 4482 Nuuqnd
1245 4428 1348 4466 non
1377 4413 1446 4466 ita
1471 4412 1588 4466 est?
1610 4411 1879 4481 Nunquid,

1977 3227 2308 3300 germinibus
2348 3228 2607 3295 derivari,
2641 3230 2825 3301 eisque
2848 3232 3084 3302 coaptari
3117 3234 3343 3302 poterit,
3366 3242 3556 3289 contra

1978 3335 2110 3391 quas
2132 3322 2406 3392 utriusque
2430 3331 2609 3392 pestes
2638 3325 2805 3393 ipsius
2835 3326 3025 3397 synodi
3049 3327 3286 3397 vigilavit
3308 3329 3556 3395 intentio,

1979 3420 2039 3466 ut
2074 3422 2129 3466 ct
2152 3414 2451 3482 praeteritos
2496 3414 2782 3471 hmreticos
2832 3418 3021 3472 iterata
3049 3418 3397 3474 damnatione
3432 3434 3559 3488 per-

1980 3501 2222 3569 celleret,
2273 3514 2327 3559 et
2376 3516 2669 3574 prtesentes
2715 3507 3214 3578 anathematizaret,
3256 3519 3311 3564 et
3354 3510 3562 3565 futuros

1981 3606 2220 3662 praesago
2242 3594 2332 3650 Dei
2355 3594 2561 3664 Spiritu
2588 3595 2946 3653 damnationis
2971 3600 3195 3654 vinculis
3217 3614 3337 3655 cum
3368 3614 3557 3656 eorum

1980 3687 2299 3754 sequacibus
2327 3688 2592 3758 modoque
2638 3689 2879 3758 quolibet
2935 3690 3283 3759 participibus
3324 3692 3562 3745 innecte-

1982 3783 2084 3829 ret.
2115 3774 2230 3829 iam
2260 3792 2420 3847 porro
2442 3777 2509 3833 de
2540 3780 2641 3833 hoc
2667 3779 2807 3849 quod
2830 3779 3014 3834 dicunt
3036 3781 3225 3835 eodem
3255 3780 3358 3834 ritu
3380 3780 3563 3836 lectio-

1984 3880 2111 3919 num
2140 3867 2421 3934 solemnia,
2451 3868 2535 3923 vel
2563 3869 2809 3924 sacriﬁcii
2840 3870 3086 3924 ordinem
3112 3870 3407 3938 celebrare,
3442 3887 3565 3939 pos-

1984 3971 2165 4011 scmus
2194 3956 2433 4013 breviter
2462 3959 2809 4028 reSpondere,
2842 3962 3095 4030 quoniam
3142 3961 3402 4031 prmcisis,
3429 3962 3565 4018 sicut

1984 4047 2284 4114 docuimus,
2314 4049 2383 4104 ab
2404 4051 2607 4105 unitate
2630 4049 2893 4106 catholica
2925 4050 3057 4106 nihil
3090 4052 3253 4122 prosit
3274 4053 3446 4107 divini
3469 4069 3565 4109 no-

1984 4140 2144 4196 minis
2173 4140 2353 4196 verbis
2379 4141 2519 4197 ﬁctis
2547 4141 2683 4196 facta
2706 4142 2995 4210 invocatio,
3018 4158 3117 4198 nec
3138 4154 3392 4214 usurpata
3412 4155 3467 4200 et
3496 4147 3566 4201 ab

1988 4234 2232 4290 Ecclesia
2254 4245 2420 4290 tracta
2445 4235 2768 4303 celebratio;
2790 4251 2911 4292 cum
2939 4246 2993 4291 et
3018 4236 3259 4293 diabolus
3286 4238 3567 4293 Dominqu

1990 4337 2203 4385 tentans
2225 4331 2623 4401 Seripturarum
2646 4330 2931 4401 protulerit
2950 4332 3276 4399 testimonia,
3302 4332 3395 4387 sed
3425 4331 3568 4389 unde

1989 4421 2376 4489 destrueretur,
2419 4438 2526 4477 non
2556 4423 2696 4479 unde
2723 4424 3062 4482 miniretur:
3096 4424 3332 4492 ipsaeque
3370 4434 3569 4479 sanctae

303 4502 638 4573 quantolibet
667 4502 805 4556 callo
838 4501 1053 4556 duritia:
1079 4501 1226 4555 frons
1252 4491 1433 4555 ‘vestra
1456 4502 1629 4555 solitis
1658 4502 1879 4555 menda-
1908 4497 1961 4557 D
1988 4515 2278 4585 δοκίμω-ω
2298 4530 2404 4569 non
2435 4517 2485 4569 in
2516 4516 2760 4586 legendo,
2793 4515 2887 4571 sed
2916 4516 2971 4571 in
3007 4491 3355 4586 ίηιειιίεείιαο
3384 4518 3570 4571 Consi-

301 4595 404 4649 ciis
424 4594 649 4649 obducta
676 4595 767 4660 sit,
793 4609 988 4664 negare
1013 4594 1259 4663 poteritis
1291 4593 1362 4650 ita
1391 4609 1509 4649 esse
1530 4595 1555 4646 ἲ
1584 4595 1736 4661 Quod
1759 4598 1801 4649 si
1829 4608 1883 4652 et

302 4701 504 4755 negare
531 4700 640 4755 pra:
666 4685 985 4741 confusione
1010 4695 1183 4740 vestra
1207 4687 1403 4755 duplici
1434 4686 1727 4750 volueritis,
1755 4701 1883 4744 ecce

300 4779 504 4831 adsunt
546 4786 692 4846 gestu
729 4776 1181 4832 Chalcedonensis
1209 4778 1443 4841 (oncilii,
1474 4792 1600 4832 ecce
1627 4779 1884 4833 assistunt

304 4870 550 4923 sexcenti
581 4879 636 4923 et
667 4866 880 4939 triginta
907 4867 1187 4937 pontiﬁces
1216 4867 1327 4921 illic
1358 4868 1662 4938 congregati
1691 4885 1704 4922 :
1739 4868 1884 4922 voci-

304 4962 484 5016 ferant
531 4963 782 5015 nimirum
837 4976 930 5028 per
977 4976 1130 5026 eam,
1178 4970 1232 5016 et
1272 4960 1459 5015 dicunt
1497 4978 1508 5013 :
1545 4960 1653 5017 Nos
1698 4961 1883 5016 laudes

302 5052 574 5106 Theodori
608 5052 659 5105 in
689 5067 819 5121 pace
842 5063 895 5106 et
918 5053 1291 5106 communione
1319 5053 1600 5107 catholicae
1631 5054 1882 5109 Eccleaim

273 5140 544 5195 "defuncti
569 5141 793 5196 reiectas
833 5140 995 5196 (αξιυί
1042 5153 1228 5195 nostro
1257 5142 1590 5211 suscepimus
1612 5153 1663 5196 et
1689 5157 1883 5211 appro-

306 5232 577 5285 bavimus.
602 5231 710 5285 Nos
734 5245 861 5284 vero
885 5232 1216 5286 venerabiles
1238 5231 1631 5285 Theodoretnm
1662 5241 1716 5285 et
1740 5233 1881 5285 Ibam

302 5322 640 5377 orthodoxos
681 5323 1168 5391 pranuntiavimus,
1211 5332 1371 5392 atque
1414 5324 1466 5375 in
1517 5322 1881 5377 definitionem

303 5413 591 5470 catholica
630 5415 752 5471 ﬁdei
787 5416 1065 5472 nobiscum
1094 5416 1472 5487 subscripsisse
1499 5418 1755 5472 veraciter
1786 5434 1878 5471 no-

1985 4614 2147 4670 stant,
2179 4614 2236 4660 et
2273 4606 2471 4661 diversi
2498 4606 2732 4661 bmretici
2759 4606 2901 4675 quod
2949 4606 3086 4662 bene
3111 4615 3167 4661 et
3205 4607 3492 4663 salubriter
3513 4608 3566 4662 iu

1986 4696 2245 4751 catholica
2263 4696 2824 4766 acceperant,prtecisi
2846 4696 2954 4766 jam
2983 4698 3282 4767 perniciose
3308 4707 3364 4752 et
3391 4697 3567 4751 letha-

1986 4788 2110 4842 liter
2140 4790 2493 4843 retinuerunt.
2527 4788 2811 4843 Possemus
2838 4798 2893 4843 et
2920 4788 3050 4843 illud
3083 4788 3151 4843 de
3194 4787 3460 4843 sacriﬁcio
3488 4787 3569 4839 di-

1988 4891 2111 4931 cere
2152 4877 2292 4946 quod
2322 4877 2475 4931 initio
2517 4875 2701 4932 mundi
2747 4878 3009 4933 Dominus
3035 4880 3100 4932 ad
3131 4877 3261 4931 Cain
3296 4875 3429 4929 dixit
3458 4891 3471 4926 :
3505 4874 3569 4928 Si

1988 4979 2122 5025 recte
2147 4968 2350 5037 o/feras,
2397 4982 2529 5026 recte
2562 4982 2727 5025 autem
2758 4988 2858 5025 non
2880 4971 3100 5037 dividas,
3124 4967 3361 5039 peccasti.
3388 4964 3492 5021 Sed
3514 4974 3571 5020 et

1991 5062 2117 5116 illud
2144 5062 2284 5132 quod
2318 5065 2850 5132 prrevaricatoribus,
2883 5072 3203 5133 pactumque
3236 5060 3326 5113 Dei
3361 5058 3570 5112 violan-

1989 5153 2153 5219 tibus,
2198 5153 2570 5209 sacerdotibus
2618 5154 2756 5209 idem
2811 5154 3065 5207 Dominus
3110 5166 3204 5222 per
3252 5149 3567 5219 prophetam

1987 5243 2151 5297 divit:
2183 5243 2310 5298 Cum
2364 5245 2815 5314 multiplicaveritis
2862 5259 3032 5314 preces
3081 5252 3271 5297 vestias
3296 5283 3312 5307 ,
3342 5252 3566 5295 avertam

1987 5337 2169 5407 faciem
2213 5353 2375 5390 meam
2401 5339 2611 5390 avobis.
2660 5336 2722 5389 Et
2769 5352 2887 5389 cum
2934 5335 3218 5390 obtuleritt’s
3259 5336 3569 5404 sacri/icium

1989 5430 2134 5493 mihi,
2160 5444 2261 5482 non
2283 5430 2557 5499 suscipiam
2586 5428 2717 5481 illud
2749 5426 2813 5481 de
2852 5427 3084 5482 manibus
3114 5431 3313 5495 vestris,
3346 5444 3436 5482 nec
3456 5428 3558 5498 pla-

385 5667 412 5733 ιξ
453 5656 629 5733 Forte,
674 5655 1038 5733 Sarciaaisg's,
1069 5670 1105 5733 _a
1144 5653 1330 5712 Sursio
1370 5656 1455 5712 vel
1493 5656 1708 5725 Sorcio,
1748 5656 1899 5727 cujus
1938 5661 2139 5715 mentio
2186 5659 2241 5716 in
2269 5659 2359 5716 lib.
2393 5668 2572 5717 contra
2622 5661 2942 5726 Mocianum,
2989 5662 3093 5717 col.
3134 5661 3233 5718 86f
3268 5662 3329 5731 C,
3371 5661 3475 5719 862
3502 5661 3565 5733 fl,

304 5728 415 5784 nisi
456 5728 589 5784 forte
615 5728 892 5796 legendum
926 5726 1163 5781 Porcius.

592 5822 862 5884 Panos.
899 5820 1152 5882 LXVII.

3092 5819 3172 5882 28
