3998 6202
434 324 550 383 ’875

1407 321 1698 378 FACUNDI
1742 321 2071 377 EPISTUIA
2119 323 2294 378 FltNil
2337 320 2765 379 εΛΤΠΟῘᾸΟιΕ.

3625 325 3723 381 εἷῐῖ

444 442 599 495 eabor
622 436 792 504 vobis,
818 435 1060 506 quoniam
1091 435 1254 501 iniqui
1296 443 1413 486 sunt
1448 445 1603 487 ca’tus
1645 435 1795 488 vestri
1825 434 1955 504 (Isa.
1993 452 2029 496 ι,
2065 441 2107 494 Α
2142 438 2226 504 plu
2251 433 2546 487 ostenditur
2569 443 2617 485 et
2656 433 2940 501 probatur,
2970 431 3234 487 obnoxios
3274 447 3460 489 omnes
3488 442 3541 490 et
3564 436 3731 505 culpa:

449 531 537 598 15,
592 530 715 599 15);
748 527 1017 595 multaque
1057 525 1252 579 similia
1290 539 1410 591 quae
1459 534 1886 578 eamme-morare
1930 526 2036 578 lon-

446 639 571 693 guin
599 629 698 674 est.
736 619 842 674 Sed
889 628 1245 687 opportunum
1272 615 1626 688 judicavimus
1652 618 1812 670 etiam
1843 615 2035 683 glorio-

445 711 641 768 sissimi
674 710 924 781 martyris
953 718 1006 764 et
1037 708 1183 778 episc
1208 708 1274 777 'pi
1314 708 1591 777 Cypriani,
1640 707 1725 761 vel
1755 722 1917 761 unum
1949 717 2037 760 aut

446 806 551 859 duo
572 811 755 858 contra
780 817 873 857 eos
902 816 998 867 pro
1022 800 1179 855 simili
1202 815 1359 855 causa
1392 800 1589 867 scripta
1620 799 1859 867 proferre
1885 798 2035 851 testi.

449 895 626 951 monia
646 910 660 959 ;
679 895 804 963 quia
827 892 1111 963 diligenter
1134 893 1316 946 cordis
1338 889 1505 945 oculis
1521 890 1856 944 considerata
1878 896 2038 957 atque

447 994 727 1054 perspecta
752 984 1144 1038 animadvertet
1163 982 1404 1051 quisquis
1426 982 1589 1036 corde
1608 979 1914 1050 intelligens
1936 988 2036 1043 est,

450 1078 495 1131 si
523 1089 657 1131 intra
681 1092 944 1131 novorum
972 1076 1349 1131 lucreticorum
1379 1074 1639 1130 sacriﬁcia
1672 1083 1925 1144 appetere
1952 1074 2042 1127 tle-

449 1172 591 1225 hcat.
636 1168 733 1225 ilic
784 1174 1029 1236 mutique
1065 1169 1114 1220 in
1143 1166 1364 1234 epistola
1390 1170 1515 1234 'pro
1554 1176 1748 1220 sancto
1794 1164 2043 1219 Cornelio

452 1262 700 1317 similiter
722 1267 956 1328 martyre
987 1267 1041 1313 et
1067 1258 1321 1326 episc0po
1346 1256 1492 1310 urbis
1517 1257 1723 1319 Romze,
1753 1270 1910 1323 quem
1940 1253 2044 1308 No-

453 1346 699 1399 vatianus
727 1345 1010 1398 hatretieus
1038 1343 1338 1411 expulerat,
1361 1350 1417 1396 et
1443 1356 1501 1396 se
1521 1342 1640 1395 loco
1665 1341 1802 1410 ejus,
1829 1341 1967 1395 sicut
1991 1349 2045 1394 et

454 1449 597 1489 nunc
628 1451 656 1487 a
688 1433 912 1489 novellis
953 1433 1225 1486 litereticis
1267 1431 1464 1487 factum
1495 1440 1604 1494 est,
1638 1432 2040 1500 subrogaverat,

454 1526 519 1579 ad
552 1526 793 1594 Magnum
816 1525 1016 1591 scripta
1046 1532 1165 1592 post
1189 1523 1472 1576 aliadieit:
1510 1530 1533 1558 ο
1570 1540 1587 1572 ι
1622 1519 1677 1575 Si
1706 1531 1883 1573 autem
1917 1533 2045 1589 grex

455 1633 592 1671 unus
623 1627 736 1681 est,
771 1615 1042 1686 quomodo
1075 1623 1247 1683 pOleSl
1284 1613 1430 1686 gregi
1471 1613 1814 1667 annumerari
1860 1613 1950 1681 qni
1991 1610 2045 1666 in

455 1726 680 1764 numero
710 1713 885 1781 gregis
911 1724 1015 1763 nou
1063 1708 1189 1761 eSt?
1228 1708 1333 1761 Aut
1364 1717 1547 1777 pastor
1571 1705 1753 1758 haberi
1775 1703 2047 1774 quomodo

2142 536 2195 577 et
2220 537 2393 591 putum
2426 533 2448 558 θ
2476 524 2565 591 qui
2594 538 2651 576 se
2692 524 3048 577 schismaticis
3085 532 3274 577 contra
3324 527 3644 595 prmpositos
3680 541 3734 583 et

2144 617 2457 671 sacerdotes
2483 615 2575 669 Dei
2610 615 2902 686 irreligioso
2936 618 3241 672 tumeritate
3262 619 3601 684 miscuerint,
3632 622 3730 675 sic-

2143 716 2201 761 ut
2222 708 2379 760 etiam
2400 723 2510 775 “per
2535 707 2726 761 Oscam
2759 708 3076 777 prophetam
3109 709 3343 779 Spiritus
3365 722 3588 766 sanetus
3614 727 3739 767 con-

2146 806 2399 861 te‘SIatur,
2434 807 2489 853 et
2530 798 2662 853 dicit
2696 816 2707 851 :
2736 797 3018 869 Sacriﬁcia
3058 816 3234 854 eorum
3266 808 3533 873 tanquam
3584 805 3739 873 panis

2146 893 2343 957 luctus;
2368 908 2539 946 ontnes
2562 894 2648 962 qui
2668 894 2984 946 manducant
3011 910 3069 947 ea
3091 894 3733 958 contaminabunturuhc.

2146 999 2220 1052 ut,
2248 981 2335 1054 li):
2364 984 2565 1039 docens
2607 984 2812 1039 scilicet
2860 994 2916 1040 et
2944 983 3239 1039 ostendens
3282 998 3474 1040 omnes
3515 988 3739 1039 omnino

2143 1089 2264 1130 cum
2294 1076 2603 1131 auctoribus
2628 1076 2893 1146 snpplicio
2916 1078 3189 1147 conjungi,
3215 1079 3301 1147 qui
3328 1078 3525 1132 fuerint
3548 1096 3737 1134 eortun

2147 1186 2368 1243 peccato
2428 1173 2795 1229 contaminati.
2849 1192 2866 1225 ι
2924 1174 3060 1240 Quid
3122 1174 3222 1227 hoc
3273 1175 3583 1229 testimonio
3620 1176 3735 1228 cvi-

2145 1262 2361 1317 deutius
2386 1264 2409 1316 ‘t
2439 1264 2575 1329 Quid
2612 1261 2874 1317 lucidius?
2905 1260 3042 1327 Quid
3088 1260 3196 1317 dici
3229 1264 3475 1318 veracius
3511 1274 3684 1331 potest
3713 1266 3739 1318 ?

2151 1354 2290 1409 Ecce
2321 1356 2461 1408 enim
2502 1369 2692 1409 omnes
2728 1355 2949 1407 omnino
2988 1354 3101 1423 pari
3133 1362 3280 1407 reatu
3325 1353 3547 1422 parique
3576 1368 3736 1422 ptem

2147 1446 2467 1500 constrictos
2491 1444 2669 1505 docet.
2696 1454 2954 1513 quotquot
2982 1444 3179 1498 fuerint
3203 1445 3465 1497 malorum
3497 1459 3736 1499 cetumuc

2149 1534 2309 1589 nione
2342 1536 2547 1604 polluti.
2580 1535 2717 1601 Quid
2743 1548 2873 1605 ergo
2923 1544 3025 1593 est.
3058 1536 3200 1605 quod
3232 1536 3447 1604 quidam
3490 1541 3643 1606 quasi
3674 1553 3737 1594 se

2150 1638 2467 1680 excusantes
2490 1628 2702 1691 dicunt;
2734 1628 2847 1696 ipse
2890 1627 2986 1681 scit
3018 1630 3301 1698 episcopus
3338 1644 3491 1684 meus
3517 1631 3562 1684 si
3584 1632 3737 1685 dam-

2154 1719 2299 1771 navit
2328 1723 2629 1785 quempiam
2657 1720 2849 1773 lalihus
2878 1718 3259 1784 couuninetur,
3283 1719 3472 1774 dicens
3500 1738 3513 1774 :
3540 1720 3620 1775 Tu
3640 1740 3739 1776 au-

456 1812 653 1872 potest,
682 1802 774 1871 qui
803 1811 1051 1855 manente
1077 1814 1206 1854 vero
1242 1809 1475 1869 pastore,
1507 1806 1561 1853 et
1585 1797 1637 1851 in
1670 1795 1908 1851 Ecclesia
1938 1795 2046 1850 Do-

2155 1823 2247 1865 tem
2269 1812 2421 1865 odisti
2453 1812 2801 1882 disciplinam,
2835 1824 2881 1864 et
2914 1812 3147 1883 abjecisti
3181 1828 3435 1865 sermones
3491 1831 3628 1867 meos
3653 1832 3738 1868 re—

453 1895 585 1949 mini
628 1894 874 1949 ordinate
922 1892 1249 1947 succedente
1278 1900 1302 1929 ο
1334 1906 1398 1945 ac
1438 1889 1795 1959 praesidente,
1841 1887 2042 1943 nemini

454 1986 569 2055 ipse
592 1985 617 2022 δ
648 1984 947 2040 succedens
987 1993 1042 2038 et
1070 1998 1097 2035 a
1126 1984 1304 2049 seipso
1336 1979 1629 2048 incipiens,
1670 1980 1876 2032 alienus
1910 1979 1967 2031 lit
1994 1984 2049 2030 et

455 2076 734 2146 profanus,
753 2075 1040 2129 dominica:
1060 2074 1205 2142 pacis
1220 2086 1290 2126 ac
1314 2068 1509 2125 divina:
1529 2069 1748 2124 unitatis
1773 2066 2043 2135 inimicus,

455 2180 556 2223 non
588 2168 838 2224 habitans
868 2168 922 2222 in
950 2166 1110 2222 domo
1131 2164 1246 2229 Dei,
1282 2164 1334 2219 id
1384 2172 1468 2220 est
1499 2166 1548 2217 in
1581 2162 1818 2218 Ecclesia
1850 2160 1967 2221 Dei,
1996 2163 2045 2214 in

455 2274 555 2331 qua
586 2276 693 2314 non
735 2259 837 2314 nisi
876 2258 1177 2314 concordes
1219 2266 1379 2326 atque
1428 2256 1708 2308 unanimes
1762 2251 2047 2307 habitant?

456 2351 695 2421 Denique
716 2360 874 2420 quam
897 2350 967 2404 sit
994 2346 1355 2415 inseparabile
1385 2344 1608 2399 unitatis
1626 2355 2044 2408 sacramentum,

457 2453 507 2499 st
536 2458 693 2514 quam
718 2443 838 2497 sine
867 2456 964 2511 spe
1002 2441 1132 2507 sint,
1158 2450 1217 2494 ‘et
1244 2437 1600 2509 perditionem
1624 2437 1726 2491 sibi
1760 2435 2045 2489 maximam

457 2534 526 2590 de
552 2533 919 2603 indignatione
944 2532 1033 2588 Dei
1062 2531 1341 2600 acquirunt
1371 2530 1461 2600 qui
1484 2529 1719 2584 schisma
1744 2528 1960 2593 faciunt,
1995 2534 2050 2582 et

459 2624 646 2678 relicto
677 2623 936 2693 episcopo
963 2622 1125 2675 alium
1165 2620 1264 2676 sibi
1301 2630 1324 2657 ε
1357 2618 1874 2689 pseudoeplscopum
1914 2630 2047 2671 con-

460 2715 684 2769 stituunt
705 2711 732 2750 ⁴
752 2753 768 2768 .
795 2750 842 2766 ..
866 2752 881 2769 .
910 2711 1062 2779 Quod
1087 2710 1133 2765 si
1161 2709 1352 2779 aliquis
1381 2708 1509 2763 illud
1548 2706 1791 2777 opponit,
1826 2716 1879 2759 ut
1908 2704 2049 2759 dicat

460 2804 703 2861 eamdem
731 2803 1089 2860 Novatianum
1122 2801 1292 2869 legem
1345 2809 1551 2864 tenere,
1577 2812 1735 2868 quam
1782 2794 2047 2850 catholica

461 2896 702 2955 Ecclesia
727 2904 897 2963 tenet,
922 2902 978 2949 et
1005 2894 1194 2948 eodem
1233 2882 1479 2963 symbolo
1510 2905 1619 2960 quo
1643 2900 1697 2944 et
1735 2901 1833 2943 nos
1871 2887 2047 2955 bapti-

453 3004 602 3054 zare,
625 2987 871 3045 eumdem
896 3001 1056 3043 nosse
1084 2985 1251 3041 Deum
1294 2984 1537 3050 Patrem,
1572 2981 1818 3037 eumdem
1847 2978 2046 3033 Filium

460 3080 753 3145 Christum,
779 3078 1028 3133 eumdem
1073 3076 1331 3146 Spiritum
1362 3082 1605 3127 Sanctum
1628 3088 1641 3135 ;
1667 3072 1799 3125 sciat
1824 3072 1913 3139 qui
1949 3070 2050 3124 hoc

460 3171 835 3244 opponendum
876 3178 1049 3240 putat,
1088 3168 1201 3223 hoc
1253 3167 1506 3236 adjuvare
1546 3165 1681 3219 tales
1719 3179 1826 3217 non
1864 3177 2046 3232 posse.

460 3263 589 3326 Nam
612 3274 666 3320 et
693 3254 831 3319 Core
854 3304 867 3327 ,
894 3270 952 3318 et
1001 3261 1231 3326 Dathan,
1263 3270 1317 3314 et
1360 3259 1562 3313 Abiron
1584 3303 1597 3323 ,
1623 3272 1749 3312 cum
1772 3256 2052 3311 sacerdote

462 3358 639 3414 Aaron
666 3366 724 3413 et
750 3358 933 3428 Moyse
954 3355 1213 3411 eumdem
1260 3352 1430 3407 Deum
1461 3358 1757 3414 noverant,
1784 3350 1895 3418 pari
1938 3350 2053 3419 lege

462 3458 516 3503 et
539 3449 801 3518 religione
846 3448 1121 3512 viventes,
1154 3458 1317 3499 unum
1344 3453 1401 3498 et
1427 3457 1613 3496 verum
1647 3442 1811 3495 Deum
1843 3440 1931 3509 qui
1963 3454 2055 3493 co-

462 3539 653 3595 lendus
680 3548 840 3608 atque
877 3536 1213 3593 invocandus
1256 3535 1446 3602 luerat,
1479 3532 1840 3597 invocabant;
1876 3543 2051 3586 tamen

464 3635 585 3705 quia
632 3634 735 3690 loci
772 3635 855 3689 sui
901 3634 1258 3689 ministerium
1291 3631 1615 3701 transgressi
1664 3639 1850 3685 contra
1876 3631 2052 3686 Aaron

464 3726 827 3786 sacerdotem.
862 3726 953 3795 qui
996 3724 1358 3780 sacerdotium
1407 3721 1702 3792 legitimum
1745 3720 2056 3791 dignatione

464 3820 557 3876 Dei
589 3818 1109 3890 atque‘ordinatione
1132 3823 1468 3889 perceperat,
1499 3814 1840 3871 sacriﬁcandi
1869 3814 1972 3869 sibi
1996 3814 2057 3867 li-

465 3914 692 3967 centiam
742 3910 1181 3976 vindicaverunt,
1241 3908 1497 3965 divinitus
1547 3908 1830 3979 percussi,
1871 3922 2057 3977 ptenas

463 4005 641 4060 statim
674 4019 775 4075 pro
795 4005 995 4060 illicitis
1022 3988 1305 4059 conatibus
1329 4002 1714 4071 rependerunt,
1745 4016 1845 4055 nec
1871 4009 2059 4071 potue-

465 4105 591 4151 runt
639 4104 756 4151 rata
801 4110 922 4150 esse
967 4088 1020 4150 et
1053 4096 1316 4164 proﬁcere
1361 4091 1625 4148 sacriﬁcia
1665 4090 1963 4160 irreligiose
2006 4100 2059 4145 et

464 4187 649 4243 illicito
675 4195 862 4242 contra
882 4184 973 4255 jus
1015 4184 1211 4237 divina:
1249 4182 1620 4251 dispositionis
1648 4179 1851 4234 oblata.
1886 4181 2060 4247 Quare

466 4278 556 4349 qui
581 4278 896 4341 Novatiano,
922 4277 1038 4331 sive
1061 4274 1273 4330 caneris
1297 4272 1605 4342 bujusmodi
1634 4272 2058 4341 patrocinantur,

469 4371 665 4424 frustra
708 4368 1062 4424 mittendum.
1099 4368 1274 4434 Atque
1324 4373 1381 4418 ut
1412 4363 1580 4433 magis
1626 4362 1849 4432 intelligi
1883 4372 2062 4433 posset

470 4472 657 4515 contra
690 4457 999 4528 hujusmcdi
1027 4455 1327 4523 audaciam,
1353 4469 1475 4525 qua:
1505 4456 1575 4509 sit
1605 4467 1830 4507 censura
1858 4453 2058 4519 divina,

2150 1911 2246 1955 tro.
2290 1901 2352 1955 Si
2392 1902 2593 1955 videbas
2633 1903 2816 1972 furem,
2861 1903 3097 1955 currrbas
3136 1903 3202 1968 ei,
3244 1912 3291 1955 et
3329 1920 3445 1956 cum
3485 1905 3739 1960 adulteris

2150 1999 2431 2069 portionem
2459 2005 2600 2049 tuam
2628 1994 2845 2067 ponebas
2872 1993 3042 2064 (Psal.
3070 2010 3215 2060 mit,
3242 1995 3325 2058 l7,
3356 1996 3468 2065 18).
3503 1996 3572 2050 Et
3598 1996 3737 2051 infra

2150 2089 2459 2146 manifestat
2478 2100 2531 2144 et
2560 2087 2876 2156 comprobat
2915 2086 3109 2141 Paulus
3151 2088 3424 2155 apostolus
3456 2088 3644 2159 (llam.
3683 2103 3735 2158 ι,

2149 2182 2241 2251 32)
2273 2190 2445 2236 morte
2471 2180 2661 2251 dignos
2690 2194 2810 2233 esse
2837 2187 2893 2233 et
2916 2177 2981 2233 ad
3007 2194 3215 2249 poenam
3247 2180 3455 2245 venire,
3481 2195 3584 2233 non
3615 2192 3738 2236 tan-

2151 2284 2259 2326 tum
2306 2273 2424 2327 illos
2454 2272 2544 2343 qui
2574 2271 2713 2326 male
2755 2270 2991 2337 faciunt,
3022 2272 3114 2325 sed
3158 2273 3318 2325 etiam
3361 2288 3454 2327 eos
3484 2274 3576 2343 qui
3608 2274 3738 2328 talia

2149 2365 2429 2435 agentibus
2445 2364 2785 2418 consentiunt
2802 2381 2815 2417 :
2835 2363 2927 2433 qui
2949 2379 3068 2417 eum
3097 2365 3251 2419 malis
3272 2374 3323 2419 et
3342 2368 3740 2433 peccatoribus,

2150 2466 2204 2509 et
2225 2455 2591 2525 paenitentiam
2618 2469 2720 2509 non
2739 2454 3018 2523 agentibus
3040 2454 3224 2508 illicita
3250 2458 3743 2513 communicatione

2152 2548 2467 2615 miscentur,
2492 2546 2803 2602 nocentium
2834 2545 3168 2600 contactibus
3192 2547 3523 2614 polluuntur,
3539 2549 3741 2603 etdum

2145 2638 2446 2707 junguntur
2486 2637 2539 2691 in
2580 2637 2759 2706 culpa,
2788 2637 2865 2691 sic
2897 2651 2994 2691 nec
3034 2637 3084 2690 in
3119 2653 3271 2705 pinna
3303 2648 3645 2707 separantur.
3675 2644 3745 2696 AI

2155 2730 2275 2782 isti:
2300 2727 2407 2782 Sed
2429 2742 2535 2783 non
2560 2728 2945 2790 consentimus,
2960 2726 3230 2796 inquiunt,
3252 2728 3582 2783 damnationi
3607 2732 3746 2785 mor-

2155 2830 2387 2874 tuorum.
2419 2820 2463 2875 υ
2495 2817 2839 2875 intolerabile
2876 2819 3104 2873 malum!
3136 2819 3180 2874 Ο
3208 2821 3503 2875 inauditum
3543 2835 3746 2891 συντο-

2154 2912 2360 2967 brium!
2397 2927 2503 2967 uon
2533 2911 2840 2967 consentire
2877 2913 3028 2981 quasi
3060 2912 3260 2979 verbis,
3292 2913 3623 2969 damnationi
3659 2914 3745 2968 di-

2154 3014 2303 3070 cunt,
2331 3013 2387 3059 et
2413 3003 2757 3060 consentiunt
2784 3004 3056 3073 operibus,
3080 3004 3222 3074 quod
3242 3004 3481 3060 deterius
3506 3016 3613 3073 est,
3643 3023 3748 3064 ex-

2155 3097 2403 3153 secrabili
2426 3095 2824 3160 communioni;
2854 3110 2973 3151 cum
2994 3096 3162 3165 magis
3184 3097 3509 3153 cumulatior
3528 3109 3753 3157 maneat

2082 3180 2128 3242 C
2161 3201 2315 3254 paena
2333 3187 2411 3240 eis
2428 3187 2515 3257 qui
2535 3195 2590 3240 et
2617 3200 2723 3241 non
2746 3186 2993 3256 ignorant
3008 3187 3312 3254 veritatem,
3329 3197 3383 3242 et
3402 3199 3579 3246 tamen
3600 3206 3755 3247 eom-

2163 3278 2439 3332 municant
2454 3276 2695 3332 veritatis
2713 3278 2963 3333 inimicis.
2981 3276 3038 3332 Si
3055 3279 3196 3332 enim
3215 3279 3463 3334 haeresim
3484 3280 3756 3348 fecerunt,

2156 3367 2297 3421 sicut
2324 3366 2626 3434 docuimus,
2663 3367 2715 3421 hi
2750 3367 2944 3437 quibus
2973 3368 3407 3435 communicatis,
3436 3369 3755 3427 damnando

2156 3459 2306 3511 vivos
2328 3467 2382 3511 et
2409 3464 2681 3522 mortuos;
2715 3456 2759 3511 si
2796 3456 2862 3510 ad
2893 3456 3175 3511 hereticos
3205 3458 3477 3524 exierunt,
3502 3458 3758 3518 iaciendo

2156 3547 2298 3617 quod
2329 3548 2587 3616 Acephali
2619 3550 2928 3612 voluerunt,
2953 3548 3194 3603 haeretici
3223 3548 3467 3618 profecto
3505 3552 3760 3623 utrisque

2155 3640 2402 3695 admissis
2432 3647 2823 3693 remanserunt.
2867 3637 3147 3705 Quomodo
3194 3654 3323 3709 ergo
3350 3641 3439 3708 qui
3472 3640 3759 3699 haereticis

2157 3728 2578 3791 communicant,
2624 3727 2847 3783 lueresis
2893 3727 3119 3784 crimine
3177 3730 3346 3785 teneri
3379 3734 3762 3802 negabuntnr?

2159 3829 2249 3875 aut
2276 3836 2376 3890 qua
2412 3820 2584 3874 l‘ronte
2612 3820 2888 3874 catholica:
2929 3820 3325 3876 communicare
3345 3822 3446 3875 sibi
3466 3823 3762 3880 videntur!

2160 3917 2242 3968 An
2270 3912 2393 3982 quia
2442 3909 2776 3967 manufactas
2797 3910 3057 3965 ecclesias
3080 3912 3313 3980 palatino
3339 3913 3534 3967 suffulti
3560 3915 3763 3972 suil'ra-

2159 4006 2246 4076 gio
2290 4005 2527 4074 depulsis
2556 4006 2839 4061 catholicis
2886 4014 3264 4075 pervaserunt,
3311 4006 3432 4062 ideo
3455 4021 3549 4061 vos
3592 4008 3764 4063 (idem

2159 4097 2476 4152 catholicam
2512 4112 2805 4167 pacemque
2835 4097 3195 4153 Christianam
3238 4098 3290 4151 in
3320 4097 3612 4167 parietibus
3631 4114 3765 4156 esse

2159 4192 2535 4246 arbitramini?
2578 4191 2635 4247 Si
2665 4192 2767 4246 hoc
2816 4190 3133 4260 opinamini,
3173 4190 3354 4246 audite
3399 4191 3542 4261 quod
3592 4192 3766 4247 etiam

2161 4293 2381 4337 sanctus
2414 4282 2648 4337 llilarius
2679 4283 2965 4352 episcopus
3004 4280 3281 4336 confessor
3304 4292 3360 4337 et
3380 4282 3570 4338 doctor
3594 4297 3767 4353 egre-

2160 4372 2282 4441 gius
2308 4370 2629 4442 quibusdam
2679 4370 2945 4440 episwpis
2991 4381 3234 4441 tempore
3260 4370 3556 4427 Constantii
3587 4375 3767 4443 impe-

2162 4463 2378 4531 ratoris,
2425 4479 2531 4532 quo
2580 4463 2657 4518 sic
2706 4463 2888 4517 Ariani
2939 4462 3040 4517 sub
3096 4465 3308 4519 nomine
3338 4466 3482 4534 pacis
3510 4475 3566 4520 et
3610 4467 3767 4536 regis

472 4553 773 4608 invenimus
800 4551 850 4605 in
884 4550 975 4605 tali
1004 4550 1242 4605 facinore
1265 4564 1372 4604 non
1400 4547 1573 4603 solum
1597 4547 1761 4602 duces
1786 4555 1841 4602 et
1871 4556 2055 4602 aucto-
2087 4544 2140 4611 Ι)
2167 4562 2508 4623 pervaseranl
2554 4555 2832 4609 universas
2859 4569 2993 4623 pene
3014 4554 3174 4610 totius
3191 4555 3336 4610 orbis
3361 4556 3767 4615 locales-eccle-

473 4661 581 4712 res,
614 4644 709 4701 sed
737 4654 790 4699 et
813 4644 1103 4714 participes
1131 4642 1306 4712 pinnis
1327 4640 1609 4709 destinari,
1636 4639 1736 4693 nisi
1765 4653 1823 4694 se
1851 4653 1879 4692 a
1910 4652 2061 4693 eom-

474 4738 731 4792 munione
785 4737 1046 4791 malorum
1106 4733 1517 4805 separaverint,
1570 4732 1914 4802 prtecipiente
1966 4744 2065 4801 per

473 4831 691 4899 Moysen
726 4828 974 4893 Domino,
1014 4838 1068 4882 et
1109 4826 1364 4881 dicente:
1393 4824 1724 4891 Separamini
1762 4840 1794 4877 a
1833 4824 2064 4878 taberna-

475 4926 601 4980 cuiis
631 4924 895 4979 hominum
924 4922 1141 4975 istorum
1163 4919 1577 4982 durissimarum,
1600 4925 1650 4970 et
1675 4916 1830 4970 nolite
1856 4925 2064 4986 tangere

474 5017 534 5071 ab
565 5015 799 5071 omnibus
845 5029 960 5085 quae
986 5022 1102 5068 sunt
1131 5013 1225 5078 eis,
1260 5022 1320 5064 ne
1350 5010 1506 5063 simul
1538 5008 1753 5077 pereatis
1777 5008 1831 5061 in
1860 5017 2065 5079 peccato

477 5125 650 5164 eorum
691 5106 881 5180 (Nam.
925 5120 1032 5171 xvr,
1071 5103 1199 5171 ‘26).
1252 5101 1320 5156 Et
1357 5100 1499 5171 quod
1565 5098 1925 5153 comminatus
1972 5106 2067 5168 per

480 5200 697 5271 Moysen
737 5197 992 5253 Dominus
1034 5194 1209 5250 fuerat
1254 5191 1503 5262 implevit
1533 5207 1545 5243 :
1580 5199 1637 5245 ιιι
1674 5190 1913 5259 quisquis
1939 5204 1998 5245 se
2034 5205 2065 5244 a

480 5291 637 5353 Core,
683 5297 739 5344 et
772 5288 1009 5356 Dathan,
1040 5297 1093 5343 et
1134 5286 1333 5342 Abiron
1379 5300 1483 5339 non
1518 5291 1854 5353 separasset,
1884 5298 2067 5352 ptenas

482 5379 661 5434 atatim
688 5392 784 5447 pro
802 5379 962 5449 impia
981 5378 1358 5434 communione
1382 5374 1735 5446 persolveret.
1760 5374 1875 5441 Quo
1896 5389 2071 5431 exem-

556 5594 582 5622 ε
605 5583 665 5638 in
691 5580 794 5637 hoc
813 5578 1066 5650 Cypriani
1098 5579 1407 5636 testimonia
1422 5575 1705 5632 Facundus
1728 5574 1905 5645 aliqua
1931 5588 2064 5645 pra:-

484 5653 756 5717 termittit,
785 5652 951 5707 verba
980 5654 1140 5705 etiam
1159 5662 1349 5705 mutat.

559 5736 586 5763 ⁸
615 5725 800 5793 Cypr.,
831 5723 1151 5776 ordinatione
1173 5722 1473 5777 succidanea
1495 5717 1819 5789 praesidente,

558 5796 586 5840 δ
612 5793 893 5853 Reduudat
919 5793 1047 5858 ipse.

2170 4650 2298 4711 sias,
2326 4647 2466 4702 sicut
2497 4662 2639 4702 nunc
2668 4647 2987 4719 Eutychiani
3010 4648 3122 4704 sive
3151 4650 3432 4719 Acephali,
3480 4650 3548 4706 de
3567 4650 3681 4708 hac
3708 4667 3768 4707 re

2170 4739 2391 4806 scribat,
2441 4747 2557 4808 post
2583 4739 2683 4792 alia
2737 4739 2950 4793 dicens:
3001 4758 3019 4791 ‹
3050 4739 3156 4795 Oro
3208 4754 3324 4805 vos,
3370 4740 3627 4811 episcOpi,
3663 4746 3768 4815 qui

2173 4830 2273 4886 hoc
2293 4846 2415 4887 esse
2437 4845 2533 4885 vos
2563 4830 2807 4897 creditis,
2838 4831 3158 4900 quibusnam
3182 4832 3452 4904 suifragiis
3469 4835 3533 4889 ad
3563 4838 3767 4905 praedi-

2170 4921 2395 4976 candum
2430 4920 2780 4990 Evangelium
2808 4922 3036 4992 apostoli
3081 4922 3161 4977 usi
3196 4923 3357 4977 sunt?
3377 4924 3571 4993 quibus
3588 4926 3770 4995 εειλωί

2172 5012 2526 5083 potestatibus
2554 5014 2824 5068 Christum
2853 5014 3300 5083 prmdicaverunt,
3325 5026 3618 5085 gentesque
3641 5018 3772 5075 fere

2169 5117 2360 5159 omnes
2408 5117 2476 5158 ex
2525 5103 2682 5158 idolis
2703 5102 2771 5157 ad
2824 5102 3105 5158 Dominmn
3138 5105 3556 5159 transtulerunt?
3601 5106 3771 5163 Anne

2170 5194 2402 5266 aliquam
2454 5195 2553 5250 sibi
2585 5194 2933 5250 assumehant
2961 5209 3009 5267 eq
3034 5194 3234 5265 palatio
3262 5195 3609 5266 dignitatem?
3647 5216 3671 5249 ι
3704 5198 3768 5251 ει

2170 5285 2337 5341 infra:
2374 5305 2392 5338 ι
2427 5285 2601 5342 Unum
2627 5299 2840 5349 moneo,
2873 5284 3065 5355 inquit,
3111 5294 3302 5341 cavete
3329 5284 3765 5350 Antichristutu;

2174 5377 2312 5433 male
2332 5378 2475 5433 enim
2504 5389 2599 5431 vos
2628 5375 2891 5446 parietum
2918 5390 3072 5431 amor
3099 5374 3260 5447 cepit,
3290 5376 3431 5432 male
3458 5375 3768 5435 Ecclesia:-

2253 5573 2486 5645 ςεγμι-ε,
2517 5575 2612 5627 sibi
2641 5576 2787 5641 foris.

2244 5643 2271 5751 (ξ
2299 5639 2427 5770 (ego:
2458 5639 2775 5784 Ἆῖἳαιξῖῗηηι,
2808 5643 3010 5700 videsis
3037 5642 3177 5717 apud
3210 5642 3375 5715 Cypr.
3405 5644 3560 5715 epist.
3588 5639 3679 5699 76.
