3998 6194
302 280 402 333 877

1122 281 1301 336 FEilli
1336 284 1534 339 ΑΜΕ
1574 284 1913 339 DIACUNUS
1952 284 2297 339 CAIKTIIAG.
2342 315 2407 323 —
2448 284 2739 338 NOTl'l'lA.

3461 285 3565 339 878

301 391 466 449 Deiin
501 390 653 446 tectis
699 390 1042 460 aediﬁciisque
1089 396 1436 463 veneramini,
1470 396 1606 449 male
1650 396 1749 449 sub
1799 396 1881 448 liis
1912 400 1956 454 Α
1987 395 2064 449 sic
2094 396 2318 449 tenenda
2343 405 2398 450 ut
2420 397 2484 450 ad
2509 396 2624 450 illos
2651 409 2747 449 nos
2777 408 3052 459 exeamus,
3080 395 3291 466 etquod
3318 397 3391 450 illi
3418 410 3562 464 sunt,

300 483 444 549 pacis
473 496 669 539 nomen
694 481 951 551 ingeritis.
978 486 1132 537 Anne
1153 484 1458 553 ambiguum
1491 494 1572 538 est
1594 485 1645 538 in
1667 484 1746 537 liis
1772 485 1877 539 Au-

298 573 599 627 tichristum
646 588 768 628 esse
812 576 1128 628 seSSurum?
1182 576 1387 631 Montes
1415 578 1543 631 milii
1573 587 1627 630 et
1655 578 1801 631 silvae
1827 586 1883 634 et

294 666 461 733 lacus,
492 676 547 721 et
575 682 847 733 carceres,
892 678 946 722 et
975 669 1258 737 voragines
1290 680 1413 737 sunt
1440 670 1680 723 tutiores.
1711 670 1763 723 In
1797 671 1879 725 his

186 768 196 776 ·
292 762 435 814 enim
462 758 739 828 pr0plieta:
767 768 922 819 erant
962 767 1264 824 manentes,
1312 767 1365 812 cl.
1404 760 1591 829 spiritu
1643 761 1731 813 Dei
1758 775 1879 829 pro-

294 850 605 920 phetabant.
641 866 660 900 ι
699 849 824 903 Haec
846 850 1065 903 inteer
1092 865 1194 917 pro
1227 850 1490 904 brevitate
1535 852 1735 918 prolata
1766 852 1878 905 suf-

294 942 473 994 ficiant
506 939 831 1006 testimonia,
860 940 1109 1009 quoniam
1133 940 1176 993 si
1204 943 1434 1008 amplius
1452 956 1770 998 coacervare
1795 944 1876 997 vel

291 1033 600 1087 ratiocinari
631 1034 915 1098 vellemus,
942 1018 943 1021 “
975 1034 1263 1103 legentium
1316 1033 1533 1087 forsitan
1566 1035 1873 1089 memoriam

290 1138 664 1179 oueraremus.
689 1122 840 1177 Nune
862 1122 971 1191 jam
995 1123 1122 1177 illud
1150 1137 1363 1191 quoque
1383 1123 1617 1176 breviter
1637 1137 1879 1175 comme-

291 1228 505 1269 morare
545 1213 823 1278 debemus,
848 1214 988 1282 quod
1036 1228 1099 1267 ex
1131 1213 1268 1267 beati
1297 1212 1575 1280 Augustini
1606 1212 1878 1279 opusculis

288 1313 474 1358 contra
517 1284 821 1367 Donatistas
873 1303 1083 1371 scriptis
1132 1303 1237 1371 obji
1270 1302 1413 1368 inut,
1441 1302 1710 1355 dicentes:
1738 1301 1879 1354 Dixit

289 1406 503 1453 Sanctus
530 1392 896 1462 Augustinus:
931 1394 1074 1447 Bona
1103 1402 1187 1447 est
1240 1407 1370 1461 pax,
1422 1391 1611 1446 habete
1655 1406 1874 1459 pacem;

290 1485 429 1538 bona
460 1494 541 1541 est
564 1471 759 1548 unitas,
797 1484 1001 1554 diligite
1024 1484 1302 1544 unitatem,
1338 1498 1443 1536 non
1466 1481 1735 1537 scindatur
1760 1482 1878 1535 uni-

292 1584 391 1627 tas.
424 1573 528 1628 Sed
571 1573 686 1629 haec
740 1582 796 1628 ct
841 1574 961 1629 talia
1011 1573 1208 1643 egregii
1261 1573 1499 1627 doctoris
1549 1572 1874 1636 teStimonia,

288 1674 542 1733 quantum
573 1680 665 1719 eos
692 1663 1035 1734 supp'odant,
1067 1680 1163 1718 nos
1198 1678 1324 1718 vero
1352 1663 1642 1727 stabiliant,
1670 1677 1873 1732 nequa-

287 1770 443 1824 quam
489 1756 839 1824 perspiciunt.
885 1757 942 1812 Si
991 1757 1137 1812 enim
1192 1757 1278 1811 isti
1325 1755 1414 1822 qui
1459 1756 1573 1809 hinc
1602 1765 1787 1810 contra
1813 1771 1873 1811 se
1904 1757 1953 1817 Β

288 1845 464 1912 potius
486 1856 782 1912 opponunt,
828 1844 1085 1899 nolebant
1112 1845 1360 1899 scindere
1385 1845 1673 1909 unitatem;
1697 1848 1740 1898 si
1775 1862 1874 1899 no-

288 1935 467 1989 lebant
512 1934 709 1989 bellum
738 1935 938 1999 inferre
982 1935 1259 1995 catholica:
1308 1934 1581 2001 Ecclesia‘,
1613 1951 1708 2004 per
1733 1937 1873 2006 quod

287 2041 387 2093 pax
436 2025 762 2091 violaretur;
810 2026 953 2095 quod
1009 2024 1061 2080 in
1100 2040 1164 2080 ea
1187 2027 1527 2092 invenerunt,
1564 2026 1662 2081 hoc
1697 2027 1877 2095 utique

286 2132 499 2172 servare
526 2127 581 2172 et
605 2119 833 2173 viriliter
870 2119 1160 2183 custodire,
1212 2119 1347 2173 sicut
1388 2133 1555 2187 supra
1599 2127 1873 2173 ostensum

286 2218 384 2272 est,
428 2208 750 2263 debuerunt.
799 2209 951 2277 Quod
1008 2218 1187 2265 autem
1219 2210 1328 2274 illa,
1385 2218 1477 2262 aut
1505 2209 1572 2262 ab
1625 2208 1712 2261 illa
1768 2223 1873 2267 non

285 2308 630 2365 acceperunt,
680 2307 931 2369 tanquam
967 2314 1092 2353 vere
1126 2298 1343 2353 noxium
1390 2308 1443 2352 et
1464 2297 1662 2355 lethale
1691 2297 1876 2368 fugere

284 2402 586 2457 cavereque
613 2390 930 2443 debuerunt.
968 2388 1099 2443 Nam
1131 2388 1378 2445 habenda
1408 2398 1491 2444 est
1523 2402 1645 2458 pax,
1681 2403 1876 2444 secun-

284 2481 408 2535 dum
467 2481 816 2549 apostolicam
862 2481 1186 2545 doctrinam,
1230 2495 1347 2535 cum
1382 2480 1652 2546 omnibus,
1683 2478 1727 2533 si
1760 2479 1873 2534 fieri

285 2580 489 2642 petest,
519 2562 847 2639 hcininibtis,
880 2588 982 2627 non
1010 2584 1185 2627 tamen
1211 2587 1330 2627 cum
1348 2572 1597 2627 omnibus
1626 2569 1871 2625 tenenda.

284 2664 563 2732 Siquidem
584 2665 740 2732 longe
755 2663 897 2718 aliud
928 2652 1001 2718 sit
1023 2663 1223 2717 habere
1248 2661 1469 2731 aliquid,
1500 2661 1643 2714 aliud
1665 2668 1871 2717 tenere.

285 2753 398 2808 Non
430 2754 606 2808 solum
630 2753 795 2823 igitur
824 2767 944 2807 cum
978 2751 1339 2807 schismaticis
1369 2760 1424 2807 et
1462 2750 1751 2813 bzereticis,
1777 2751 1873 2805 sed

287 2846 445 2899 ctiam
469 2859 589 2897 cum
618 2844 817 2899 Judaeis
848 2844 1153 2899 carnalibus
1191 2851 1353 2912 atque
1373 2842 1594 2913 paganis
1632 2840 1873 2895 habenda

286 2943 372 2991 est
400 2928 519 3001 pax.
541 2936 648 2991 Sed
676 2936 764 2993 illa
794 2935 1034 3005 profecto
1061 2949 1187 3005 pax,
1222 2950 1316 3004 per
1350 2948 1506 3003 quam
1538 2946 1632 2988 eos
1653 2940 1876 3000 exopta-

286 3040 405 3079 mtts
428 3033 486 3081 et
507 3026 755 3096 cupimus
772 3026 893 3087 Deo
913 3027 1211 3095 aequircre,
1254 3032 1308 3079 et
1336 3024 1546 3078 veritati
1578 3021 1874 3091 unitatique

1985 484 2087 541 hoc
2134 503 2230 541 nos
2257 503 2465 557 quoque
2516 485 2836 543 efficiamur.
2893 487 3131 555 Denique
3180 488 3320 556 ψυιά
3382 487 3565 545 beatus

1985 588 2314 657 Augustinus
2358 587 2570 641 dicebat
2609 596 2665 641 et
2710 585 2968 640 suadebat
3018 586 3331 654 Donatistis,
3367 587 3567 644 habere

1984 694 2190 747 pacem,
2232 680 2455 747 dil’gcre
2488 679 2768 741 unitatem,
2794 678 3004 747 egregie
3037 677 3171 731 satis
3200 685 3255 731 et
3279 677 3568 733 salubriter

1980 773 2226 831 dicebat:
2266 774 2407 843 ipsos
2435 774 2576 829 enim
2612 773 2882 843 cupiebat,
2913 771 3362 843 quemadmodum
3388 782 3441 826 et
3465 787 3564 830 nos

1982 871 2135 934 istos,
2166 868 2419 921 damnato
2445 881 2631 921 errore
2652 880 2751 919 suo
2780 864 2847 918 ad
2878 864 3195 918 catholicam
3226 862 3422 927 redire,
3454 864 3562 917 sic-

1981 969 2037 1012 ut
2070 960 2123 1012 in
2167 958 2347 1012 multis
2377 957 2645 1028 opusculis
2686 964 2872 1011 contra
2931 968 3115 1008 eorum
3164 952 3395 1007 schisma
3427 953 3564 1006 scri-

1981 1052 2084 1118 ptis
2108 1048 2525 1103 luculentissime
2559 1048 2765 1102 educet.
2792 1045 2904 1099 N0n
2931 1055 2987 1099 ut
3010 1045 3144 1112 ipse,
3171 1043 3557 1129 autquisqttam

1979 1142 2398 1196 ortliodoxorum
2453 1141 2657 1200 relicta,
2686 1138 2826 1207 quod
2874 1137 3036 1200 absit,
3066 1135 3349 1197 catholica,
3387 1132 3564 1187 err0'i

1979 1248 2164 1289 eorum
2195 1232 2571 1285 conununione
2601 1230 2853 1294 sacrilega
2882 1228 3217 1280 misceretur.
3252 1225 3362 1278 [loc
3383 1232 3437 1278 et
3464 1237 3566 1278 nos

1981 1324 2095 1378 istis
2127 1338 2245 1376 cum
2294 1337 2481 1389 magna
2529 1335 2659 1387 pace
2712 1318 2966 1372 dicimus:
3022 1317 3278 1369 Damnate
3326 1327 3565 1367 errorem

1979 1431 2136 1484 quem
2194 1414 2497 1477 induxistis,
2547 1412 2751 1466 auferte
2779 1408 3137 1465 damnationis
3178 1407 3376 1475 malum
3420 1405 3559 1474 quod

1980 1504 2254 1568 intulistis,
2305 1518 2399 1572 per
2449 1502 2589 1571 quod
2632 1512 2687 1555 et
2731 1499 2965 1553 haeretici
3015 1497 3161 1560 facti,
3197 1503 3252 1549 et
3278 1495 3562 1548 haeretico-

1980 1610 2097 1649 rum
2132 1595 2366 1647 fautores
2394 1592 2706 1657 exstitistis;
2741 1600 2793 1645 et
2840 1589 3114 1644 nobiscum
3147 1602 3334 1656 pacem
3368 1586 3566 1639 haben-

1980 1693 2080 1747 tes,
2142 1694 2194 1738 et
2240 1684 2378 1737 sicut
2417 1682 2621 1752 pridem
2658 1690 2919 1746 tenentes,
2976 1680 3257 1734 universos
3285 1678 3565 1733 haereticos

1981 1774 2316 1837 confudistis,
2344 1782 2397 1827 et
2424 1772 2703 1826 catholica:
2729 1787 2824 1825 vos
2846 1770 3032 1825 unitati
3056 1769 3380 1824 reddidistis.
3404 1768 3566 1834 Quis-

1981 1867 2103 1935 quis
2156 1866 2334 1932 itaque
2384 1863 2498 1916 hacc
2530 1862 2681 1930 legis,
2739 1860 3008 1928 eloquium
3042 1858 3149 1913 nuli
3179 1872 3439 1928 querere,
3472 1857 3565 1912 sed

1979 1972 2065 2011 res
2096 1958 2409 2025 pondusque
2436 1952 2673 2009 veritatis
2694 1951 2974 2021 diligenter
3005 1942 3333 2006 intuere.‘Et
3359 1950 3401 2003 si
3429 1963 3564 2017 prie-

1978 2045 2334 2100 varicatorum
2366 2043 2744 2099 communione
2773 2038 3009 2109 pollutus
3030 2056 3135 2095 non
3162 2053 3364 2104 es,-ora
3395 2038 3564 2093 Deum

1978 2145 2035 2190 ut
2079 2150 2416 2205 perseveres.
2458 2135 2516 2189 Si
2547 2148 2675 2188 vero
2720 2143 2810 2185 aut
2852 2134 3163 2200 ignoranter
3190 2139 3283 2185 aut
3309 2132 3567 2185 violenter

1980 2226 2164 2295 lapsus
2193 2240 2272 2291 es,
2305 2239 2556 2294 reparare
2584 2224 2650 2277 ad
2691 2222 3008 2278 catholicam
3053 2223 3333 2275 veritatem
3381 2236 3568 2275 recur-

1978 2317 2147 2372 rendo
2177 2316 2386 2380 festina,
2417 2314 2849 2379 communionem
2879 2313 2994 2382 ejus
3012 2310 3365 2379 resumenda:
3395 2312 3567 2368 omni-

1978 2408 2361 2479 bussiquidem
2391 2406 2774 2473 paenitentibus
2814 2406 3075 2473 promissa
3099 2414 3183 2458 est
3203 2406 3378 2459 venia.
3398 2403 3567 2458 Nemo

1977 2499 2353 2577 desperatione
2394 2499 2683 2567 frangatur.
2716 2495 2903 2550 Nullus
2942 2494 3266 2563 serpentinis
3292 2493 3566 2561 deceptio-

1978 2591 2136 2647 ntbus
2176 2590 2401 2646 ulterius
2432 2589 2733 2644 irretiatur:
2769 2588 3046 2657 quoniam,
3088 2585 3226 2639 sicut
3265 2578 3591 2654 transgrcs-V

1978 2683 2191 2738 scribus
2220 2691 2275 2737 et
2308 2680 2670 2749 impreuitenti
2709 2679 2874 2734 corde
2899 2676 3343 2746 permanentibus
3370 2659 3569 2743 sempi-

1978 2783 2189 2829 ternum
2224 2788 2343 2827 cum
2378 2770 2592 2825 diabolo
2621 2780 2979 2839 praeparatum
3018 2778 3103 2823 est
3133 2767 3471 2836 supplicium,
3492 2766 3568 2821 sic

1978 2880 2007 2920 a
2048 2865 2273 2918 Domino
2315 2864 2423 2917 Deo
2462 2873 2671 2931 pactum
2710 2859 2824 2929 ejus
2853 2858 3318 2920 conservantibus,
3365 2863 3420 2910 et
3447 2854 3569 2909 fidei

1976 2953 2254 3013 catholicae
2303 2951 2645 3005 fundamenta
2680 2948 3129 3013 custodientilius,
3196 2944 3569 3012 novitatesque

1979 3044 2229 3113 profanas
2255 3041 2634 3101 devitantibus,
2663 3048 2918 3093 aeternum
2947 3044 3004 3092 et
3026 3038 3144 3092 sine
3175 3036 3281 3089 fine
3326 3046 3568 3088 reserva-

287 3120 496 3175 sociare
521 3121 829 3188 catholicas;
860 3129 1081 3190 propter
1103 3118 1243 3188 quod
1277 3117 1440 3173 etiam
1471 3124 1529 3193 ut
1553 3123 1877 3170 eonvertan-
1906 3122 1951 3184 ρ
2121 3147 2200 3193 ρει
2233 3136 2508 3207 pmmium
2532 3132 2843 3204 gloriosum.

286 3220 391 3277 tur,
434 3214 733 3267 secundum
763 3212 1069 3271 mandatum
1105 3211 1200 3266 Dei
1229 3225 1326 3279 pro
1355 3209 1433 3264 eis
1477 3219 1727 3261 oramus:
1769 3218 1873 3258 non

285 3351 3569 3434 Mm

1589 3536 1758 3580 ANNO
1785 3536 2013 3579 DOMINI
2046 3536 2289 3579 DXLVII.

853 3753 1857 3989 FULGENTIUS
1927 3744 2986 4020 FliiiliANllUS,

702 4127 1776 4218 CABTHAGINIENSIS
1850 4123 2440 4211 ECCLESUE
2514 4119 3156 4207 DIACONUS.

1626 4322 2297 4351 *-

1524 4494 2348 4629 NOTITIA.

1712 4703 1813 4767 [Ex
1852 4702 2151 4765 Gallandio.]

358 4871 400 4926 l.
438 4868 749 4939 Fulgentius
778 4864 1103 4939 Ferrandus,
1135 4864 1185 4939 si
1207 4856 1747 4939 Cltifiletiutnnaudias
1772 4856 1875 4938 in).
1908 4858 1956 4919 D
1984 4858 2351 4939 Trasamundi
2370 4858 2512 4939 regis
2522 4858 2680 4939 jussu
2709 4860 3028 4939 deportatos
3050 4872 3285 4939 secutus,
3314 4860 3367 4916 in
3390 4874 3572 4916 emno-

292 4943 461 4999 sancti
492 4927 751 5011 Fulgentii
785 4937 1076 5005 Ruspensis
1092 4927 1338 5002 episcopi
1371 4930 1691 5011 autaflinem
1715 4927 1878 5011 fuing

293 4997 383 5067 aut
406 4997 965 5079 etinsatiguineutii,'et
997 4997 1305 5075 prata-omen
1333 5011 1388 5057 et
1413 5003 1582 5079 sancti
1632 4997 1877 5068 prmsulis

295 5084 531 5138 modeste
552 5071 639 5135 ab'
666 5095 733 5134 eo
759 5071 1235 5133 commemoratum
1273 5087 1442 5143 genus
1489 5071 1693 5126 illustre
1717 5082 1879 5143 pene

296 5153 601 5224 persuadet.
628 5151 769 5205 Inter
798 5147 1093 5224 discipulos
1116 5138 1298 5200 sancti
1322 5138 1875 5224 Fulgetttili‘em_i.nuit,

296 5210 452 5291 quem
485 5234 764 5290 prepterea
782 5210 1268 5291 suttm'magistrum
1287 5210 1522 5291 appeilat
1543 5213 1622 5291 (b_)
1646 5227 1659 5263 :
1686 5210 1878 5279 dignus

300 5284 452 5363 plane
480 5284 626 5348 ianto
653 5291 959 5363 institutnre
1008 5284 1320 5363 di'scipulus.
1352 5286 1427 5363 De
1446 5299 1513 5339 eo
1554 5284 1703 5363 plura
1738 5295 1876 5363 pra:-

296 5349 459 5426 clare.
484 5374 542 5417 ut
570 5364 789 5423 assolet,
815 5362 1043 5430 scriptor
1064 5349 1523 5432 eminentissimus
1550 5349 1624 5432 (ε)
1649 5370 1665 5404 ;
1698 5369 1728 5432 _t_
1751 5349 1884 5432 ﬁer-

300 5423 515 5503 randus,
568 5433 761 5504 inquit,
810 5423 1088 5488 Alricanos
1124 5432 1409 5498 episcopos
1468 5426 1522 5480 in
1562 5423 1880 5480 Sardiniam

369 5653 446 5722 (η)
483 5651 661 5707 cnim.
694 5652 897 5721 praefat.
923 5649 987 5705 ad
1015 5650 1153 5718 Opp.
1188 5646 1447 5722 Fcrrand.

367 5717 447 5796 (ὁ)
487 5717 741 5780 Fcrrand.
767 5724 923 5795 epist.
946 5724 1001 5789 ‘2,
1036 5717 1195 5783 inira,
1230 5733 1349 5789 pag.
1384 5717 1509 5776 889.

1987 4930 2075 4984 bio
2101 4931 2168 4982 ab
2198 4931 2480 4985 exsulante
2501 4931 2693 4985 ibidem
2720 4945 2907 4988 sancto
2936 4934 3213 5000 Fulgentio
3239 4940 3570 4999 constructo,

1988 5000 2305 5054 monachum
2337 5001 2527 5055 induit.
2563 5002 2835 5058 Ililderico
2854 5003 3137 5057 mitissimo
3158 5016 3281 5068 rege
3303 5016 3444 5054 anno
3465 5001 3572 5057 523

1985 5072 2269 5140 episcopos
2299 5072 2365 5127 ab
2388 5073 2581 5127 exsilio
2602 5083 2910 5137 revocante,
2934 5088 3037 5128 una
3066 5086 3187 5127 cum
3213 5071 3493 5140 Fulgentio
3517 5073 3571 5128 in

1989 5141 2221 5195 Africam
2255 5157 2527 5206 reversus,
2553 5158 2582 5196 a
2613 5143 2884 5196 Bonifacio
2913 5140 3316 5211 archiepiscopo
3338 5142 3571 5197 Cartha-

1985 5212 2243 5281 giniensis
2275 5213 2532 5267 Eculesize
2561 5213 2631 5268 ob
2656 5214 2907 5267 eximiam
2963 5227 3171 5265 morum
3202 5228 3267 5267 ac
3309 5212 3572 5268 doctrina:

1988 5284 2357 5339 excellentiam
2386 5285 2642 5337 diaconus
2671 5283 3039 5353 inauguratus,
3071 5285 3311 5338 omnium
3361 5297 3573 5338 sermo-

1988 5368 2057 5408 ne
2103 5354 2299 5422 ubique
2342 5354 2735 5408 celebrabatur.
2785 5354 2878 5408 llle
2921 5354 3091 5408 sancti
3125 5356 3404 5424 Augustini
3460 5370 3574 5424 prae

1985 5427 2200 5481 caeteris
2232 5426 2397 5479 libros
2439 5425 2631 5480 diurna
2677 5431 3045 5495 nocturnaque
3072 5440 3234 5480 manu
3283 5426 3574 5492 versabat;

2058 5642 2131 5711 (c)
2154 5642 2346 5715 ,Noris.
2380 5642 2513 5715 llist.
2538 5652 2787 5715 controv.
2813 5642 2883 5715 de
2913 5662 3019 5701 uno
3066 5661 3132 5703 ex
3173 5645 3366 5703 Trinit.
3392 5658 3574 5715 passo,

1980 5728 2030 5769 c.
2064 5716 2117 5782 9,
2140 5714 2277 5784 Opp.
2310 5724 2440 5770 tom.
2474 5713 2563 5783 Ill,
2587 5730 2705 5787 pag.
2739 5712 2865 5771 855.
