3998 6202
400 313 423 323 ι’,

358 310 456 368 8..Ι

1843 263 2135 368 norim.

3521 314 3626 369 883

358 439 570 497 quoque
602 424 855 497 vuliiuus,
889 426 1059 497 virum
1083 425 1173 495 qui
1194 424 1297 482 lem
1342 439 1651 497 nouusque
1680 424 1817 497 adeo
1841 440 1942 479 sze-
1968 427 2019 485 Α
2050 423 2312 497 Gilimere
2340 425 2527 497 pulsus
2553 433 2608 481 et
2648 439 2812 497 regno
2837 425 3096 497 spoliatus
3124 441 3155 482 e
3185 436 3241 484 t..
3267 427 3432 483 rlluc
3461 442 3628 495 usque

357 495 630 548 cnlaribus
662 496 852 549 litteris
879 494 1150 551 eruditum
1170 538 1185 558 ,
1227 497 1322 550 sed
1354 494 1658 550 divinarum
1700 495 1943 563 Scriptu-

357 580 539 618 rarum
580 566 813 620 lectioiie
859 566 1247 633 plenissimum.
1292 566 1392 620 Hic
1434 565 1503 619 ad
1538 574 1811 632 parentem
1848 580 1945 620 no-

357 644 528 689 stram
574 635 803 689 Probam
832 637 1091 702 virginem
1128 651 1337 705 sacram
1386 650 1450 690 ex
1482 637 1739 705 operibus
1768 636 1942 691 sancti

359 705 638 776 Augustini
664 707 819 761 valde
857 707 1146 761 altissimas
1170 706 1497 775 qumstiones
1528 722 1590 760 ac
1618 707 1939 773 sententias,

359 790 424 830 ac
450 776 692 832 diversas
723 793 811 831 res
835 777 1130 844 deﬂorans,
1164 778 1215 831 in
1253 793 1358 828 ttnn
1385 790 1614 844 corpore
1641 776 1942 831 necessaria

358 846 522 901 nimis
552 846 974 913 dispensatione.
1006 857 1062 902 et
1084 848 1136 902 in
1168 846 1423 902 trecentis
1449 846 1660 916 tr’ginta
1693 855 1816 900 octo
1853 860 1945 900 ca-

397 916 543 971 itulis
571 917 877 971 collocavit.
917 935 935 969 ι
974 918 1149 972 lnnnit
1171 917 1257 971 hic
1289 917 1537 971 nimirum
1569 917 1797 971 Senator
1823 916 1945 970 Col-

398 932 543 971 ituns
571 932 877 971 conocavrt.
917 935 935 969 ι
975 932 1149 972 ιιιιιιιιι.
1172 932 1257 971 ntc
1289 933 1537 971 nimirum
1569 932 1797 971 Senator
1823 932 1944 970 ωι-

357 932 664 1041 rectaneum
698 988 1138 1053 Angustinianuiu
1187 987 1254 1043 ab
1285 986 1552 1056 Eugippio
1595 986 1899 1041 conlectum
1924 1024 1944 1051 ,

364 1075 384 1108 ο
421 1056 741 1112 eobortante
770 1057 974 1112 Marino
995 1057 1210 1122 abbate,
1248 1075 1266 1109 ι
1299 1067 1765 1125 nuncnpatnmqne
1790 1074 1810 1108 ι
1847 1056 1945 1110 do-

359 1125 522 1183 mina:
552 1128 747 1181 merito
788 1128 1080 1183 venerabili
1108 1138 1162 1183 et
1203 1128 1380 1181 (ructu
1411 1142 1580 1181 sacra:
1623 1126 1947 1193 virginitatis

358 1198 414 1252 in
442 1196 643 1251 Christi
666 1198 835 1265 gratia
867 1212 1082 1264 semper
1112 1197 1305 1251 illustri
1335 1198 1540 1264 Probae,
1580 1215 1599 1249 ι
1636 1204 1693 1249 ut
1717 1197 1948 1264 ipsemet

360 1268 416 1321 iu
442 1267 756 1337 prxfatione
785 1268 1084 1337 proﬁtetur.
1111 1266 1278 1337 llujus
1305 1267 1527 1335 virginis
1551 1265 1736 1337 Proba:
1760 1265 1945 1322 laudes

360 1337 599 1408 celebrat
631 1336 941 1408 Fulgentius
964 1338 1063 1407 (α),
1091 1336 1248 1407 quam
1280 1354 1298 1388 ι
1325 1340 1438 1391 avis
1469 1336 1743 1405 atavisque
1768 1345 1945 1408 natam

361 1405 758 1487 consulibusct
780 1405 996 1487 deliciis
1012 1405 1279 1477 regalibus
1299 1408 1587 1487 enutritam
1626 1424 1644 1457 ι
1681 1405 1945 1487 perhibet,

361 1478 645 1537 eidemque
662 1478 794 1532 duas
810 1479 1060 1547 epistolas
1082 1475 1322 1547 quartam
1345 1488 1399 1531 et
1425 1478 1662 1547 quintam
1682 1475 1944 1530 inscribit.

367 1547 444 1602 Ex
491 1550 683 1615 quibus
721 1546 853 1616 ergo
899 1557 1113 1617 tempus
1157 1556 1490 1617 compertum
1542 1546 1799 1617 habemus
1840 1560 1948 1616 quo

361 1618 543 1688 ﬂoruit
588 1615 882 1688 Eugippius
925 1618 991 1671 ad
1020 1615 1193 1686 quem
1225 1616 1416 1671 scribit
1464 1627 1645 1688 noster
1681 1615 1947 1688 diaconus

360 1686 844 1756 Carthaginiensis.
881 1689 995 1753 Qua
1026 1690 1091 1743 de
1122 1704 1180 1741 re
1211 1689 1459 1756 consulas
1486 1687 1647 1741 velim
1674 1686 1945 1756 Sirnioudi

361 1758 643 1825 epistolam
684 1760 748 1812 ad
793 1755 1115 1811 Chilllz-tium
1166 1755 1270 1826 (ὁ).
1309 1757 1443 1810 llinc
1484 1758 1609 1810 item
1642 1755 1946 1823 exploditur

363 1838 727 1883 commentum
758 1829 821 1880 d--
849 1828 1059 1882 duobus
1097 1827 1390 1895 Eugippiis,
1420 1842 1645 1892 quorum
1675 1826 1811 1895 alter
1844 1826 1945 1881 Ita-

362 1897 469 1978 lus,
516 1898 797 1978 Africanus
824 1899 959 1954 alter
989 1897 1167 1978 fuerit,
1186 1894 1378 1978 Mirm}?
1422 1896 1519 1978 (ε),
1550 1894 1809 1977 Bollando
1837 1896 1941 1967 (Δ),

360 1966 539 2039 Caveo
575 1969 663 2039 (ε)
701 1968 923 2039 aliisqre
961 1968 1263 2039 probatum.
1312 1966 1571 2039 Nimirum
1603 1966 1656 2039 in
1701 1966 1941 2039 errorem

363 2038 498 2106 lapsi
527 2035 653 2093 sunt
682 2035 876 2093 eruditi
919 2038 1059 2102 viri,
1109 2037 1372 2107 Sigeberti
1414 2038 1735 2090 auctoritate
1771 2035 1939 2103 ducti,

362 2110 455 2175 qui
484 2109 550 2163 de
585 2109 845 2178 Eugippio
874 2109 1034 2164 verba
1066 2108 1263 2178 faciens
1286 2108 1381 2178 Asic
1408 2107 1483 2160 ait
1506 2107 1608 2178 _(f)A
1635 2122 1661 2178 ε,
1680 2107 1943 2178 r__Engip-

363 2179 485 2247 pius
518 2174 687 2250 abbas
711 2174 921 2250 hortatu
954 2178 1224 2233 Renducis
1252 2176 1376 2250 [leg.
1410 2174 1663 2250 Reducis]
1695 2174 1947 2250 Neapoli-

364 2245 475 2303 tani
504 2248 741 2315 episcopi
763 2248 1030 2302 deﬂorans
1054 2250 1219 2302 libros
1247 2245 1525 2314 Augustini
1550 2246 1788 2316 episeOpi
1816 2245 1945 2316 [lip-

367 2320 641 2387 ponensis,
673 2319 821 2372 dedit
851 2318 1088 2373 cedit-cm
1120 2334 1325 2389 magna:
1352 2315 1597 2389 utilitatis
1624 2315 1690 2369 ad
1715 2315 1941 2389 Probam

364 2389 649 2457 virginem,
695 2398 751 2442 ct
781 2404 874 2457 per
916 2404 1101 2443 manus
1129 2387 1365 2456 ejusdem
1399 2387 1666 2441 ltenducis
1707 2388 1941 2456 episcopi

363 2458 560 2512 obtulit
616 2459 869 2514 Ecclesia:
918 2459 1302 2526 Neapolitanm.
1348 2457 1470 2512 Fuit
1521 2466 1760 2525 tempore
1790 2458 1943 2512 Pela-

402 2530 435 2580 ii
478 2529 518 2583 ll
545 2538 599 2582 et
638 2528 974 2596 imperatoris
1001 2530 1202 2583 Tiberii
1234 2527 1593 2583 ConSIantini.
1632 2545 1650 2579 ι
1687 2527 1788 2581 Hic
1817 2534 1944 2581 vero

404 2544 435 2580 ιι
478 2544 518 2583 ιι
545 2544 599 2582 et
638 2544 974 2596 Imperatoris
1002 2544 1202 2583 'nnern
1234 2544 1593 2583 consranunt.
1632 2545 1650 2579 ι
1687 2544 1788 2581 mc
1817 2544 1943 2581 vero

364 2544 609 2653 gilariam
643 2611 783 2653 errat
811 2599 1122 2670 Sigebertus
1162 2617 1173 2670 ;
1207 2600 1471 2667 primum,
1507 2597 1658 2670 quod
1690 2608 1943 2670 excerpta

350 2670 755 2739 ‘Augustiuiana
801 2667 1015 2723 hortatu
1064 2669 1295 2723 Reducis
1327 2668 1570 2739 praesulis
1611 2667 1942 2739 Neapolitani

368 2740 440 2792 ab
463 2737 720 2807 Eugippio
743 2739 987 2795 coniecta
1011 2753 1130 2794 esse
1160 2740 1382 2801 scribat,
1403 2754 1524 2792 cum
1551 2738 1603 2791 in
1631 2752 1724 2791 sua
1752 2737 1946 2805 praela-

375 2810 526 2864 tione
570 2811 724 2864 aliter
756 2810 1067 2877 proﬁteatur
1113 2809 1251 2863 idem
1304 2808 1592 2877 lingippius
1620 2847 1634 2871 ,
1687 2818 1744 2861 ut
1786 2808 1944 2876 paulo

369 2888 495 2932 ante
523 2894 586 2933 ex
617 2895 683 2933 eo
726 2881 1115 2945 intelleximus;
1162 2878 1421 2940 secundo,
1455 2877 1597 2945 quod
1628 2878 1942 2947 Eugippium

348 2946 614 3017 tempore
666 2950 864 3016 Pelagii
914 2950 955 3003 ll
984 2965 1045 3004 ac
1091 2949 1292 3004 Tiberii
1342 2947 1539 3002 vixisse
1587 2946 1942 3013 tradat,cum

371 3017 530 3088 lange
565 3030 689 3075 ante
722 3019 919 3087 Pelagii
959 3020 1000 3074 ll
1040 3019 1406 3087 pontiﬁcatum
1437 3034 1500 3071 ac
1530 3018 1729 3073 Tiberii
1772 3018 1942 3086 impe-

370 3090 531 3153 rium,
557 3090 657 3145 hoc
678 3100 762 3144 est
798 3091 952 3160 longe
979 3099 1101 3144 ante
1120 3105 1317 3143 annum
1348 3089 1471 3151 5.78,
1505 3088 1943 3160 Lucuﬁllanensem

2047 495 2373 552 Ctiimetius.
2421 496 2608 552 Exstat
2634 495 2811 550 autem
2844 495 2959 552 haec
2997 498 3227 561 epistola
3250 499 3413 553 etiam
3450 500 3500 552 in
3531 513 3621 566 ap-

2047 568 2272 637 pendice
2289 567 2354 620 ad
2371 567 2543 631 Opera
2564 566 2736 621 sancti
2762 566 3024 636 Fulgentii
3048 566 3340 635 Ruspensis
3358 570 3620 637 episcopi.

2130 636 2191 691 V.
2226 637 2299 692 De
2338 637 2527 692 eodem
2575 645 2891 705 argumento
2919 651 3026 705 quo
3055 637 3387 704 superiorem
3418 636 3623 706 episto-

2048 705 2154 761 lam
2185 706 2251 761 ad
2282 707 2610 769 Anatolium,
2658 707 2881 761 alteram
2922 707 3139 774 scripsit
3184 705 3488 763 Ferrandus
3524 724 3624 762 nu-

2048 791 2201 831 mero
2242 777 2480 847 quintam
2509 777 2574 830 ad
2604 776 2884 847 Severum,
2916 776 3293 833 scholasticam
3318 777 3625 834 Consumti-

2049 847 2451 918 n0politanum,
2481 848 2571 915 qui
2602 846 2772 901 nostri
2802 846 3014 918 diaconi
3042 848 3501 918 Carthaginiensis
3524 848 3624 902 do-

2046 915 2238 973 ctrina:
2291 917 2433 971 fama
2481 926 2777 986 permotus,
2803 915 2855 970 in
2895 931 3092 987 magna
3140 915 3501 973 controversia
3551 918 3622 973 de

2048 1002 2157 1043 uno
2174 1003 2242 1042 ex
2262 985 2526 1043 Trinitate
2550 1000 2731 1055 passo,
2758 985 3015 1055 ejusdem'
3030 988 3345 1043 sententiam
3370 1002 3463 1055 per
3483 987 3626 1043 litte-

2047 1072 2136 1128 ras
2165 1057 2449 1128 ﬂagitarat‘.
2485 1076 2505 1109 ι
2539 1056 2912 1128 Doctissimam
2942 1058 3243 1128 epistolam,
3276 1057 3628 1128 inquitNori—

2047 1126 2161 1182 sius
2223 1124 2313 1198 (ἶ),
2342 1128 2550 1183 remisit
2578 1126 2647 1182 ad
2672 1124 2933 1198 Severum
2963 1124 3290 1183 Ferrandus.
3312 1124 3463 1198 Quod
3494 1139 3629 1182 vero

2048 1207 2164 1254 erat
2190 1197 2416 1268 modesti
2448 1199 2529 1253 vir
2558 1198 2780 1268 ingenii,
2813 1212 2877 1252 ac
2904 1197 2973 1252 de
3001 1206 3171 1268 semet
3200 1197 3473 1268 humiliter
3501 1211 3631 1251 sen-

2049 1268 2224 1324 tiens:
2260 1284 2279 1320 ι
2308 1266 2639 1338 Loquantur;
2669 1268 2755 1338 ait
2774 1268 2890 1338 (in),
2911 1276 2965 1323 et
2994 1266 3285 1338 pradicent
3312 1267 3505 1338 quibus
3536 1268 3628 1322 bo-

2050 1353 2151 1391 nor
2195 1336 2482 1394 sacerdotii
2532 1336 3190 1394 docendi'auctoritatem
3241 1337 3471 1403 tribuit;
3527 1352 3626 1391 nos

2048 1408 2261 1464 discere
2296 1410 2465 1475 parati
2508 1423 2715 1473 sumus,
2754 1406 2948 1463 docere
2973 1421 3078 1461 non
3112 1408 3504 1476 prmsumimus.
3537 1406 3623 1462 ln-

2051 1486 2264 1548 tcrroga
2288 1478 2465 1548 igitur,
2494 1479 2709 1544 subdit,
2731 1477 2811 1531 \‘ir
2834 1477 3267 1548 prudentissime,
3301 1477 3349 1530 si
3370 1478 3498 1548 quid
3526 1491 3620 1532 ve-

2050 1547 2222 1602 ritatis
2242 1549 2394 1617 cupis
2425 1548 2629 1614 audire,
2650 1548 3014 1619 principaliter
3048 1547 3498 1619 apostolicae—sudis
3524 1563 3620 1619 agn-

2048 1619 2275 1684 tistitem,
2303 1616 2456 1688 cujus
2480 1633 2609 1673 sana
2631 1616 2871 1672 doctrina
2898 1624 3110 1688 constat
3126 1617 3333 1687 judicio
3356 1616 3621 1683 verita'is,

2050 1697 2106 1742 ct
2138 1688 2351 1742 fulcitur
2372 1687 2673 1743 munimine
2711 1687 3064 1743 auctoritatis.
3095 1706 3115 1740 ι
3149 1687 3421 1742 Sententia
3450 1688 3623 1742 enim-

1975 1793 2024 1854 B
2051 1773 2149 1854 1’1"
2152 1767 2367 1854 9.3939.
2377 1758 2829 1854 Ξίεθῗέέὲθῖίέἷὲι
2846 1758 3394 1854 αἳὲἒῖῧὲἷὲνθῖἱῖὲἔη
3409 1757 3622 1854 $3.92

2048 1842 2115 1898 ex
2168 1828 2429 1898 Trinitate
2480 1828 2829 1897 principaliter
2879 1829 3177 1898 apostolica:
3221 1828 3359 1898 sedis
3404 1828 3625 1881 antistiti

2044 1896 2442 1966 dijudicandam
2471 1896 2533 1952 ac
2558 1896 3160 1953 deﬁniendam‘dimittit
3184 1914 3198 1951 :
3225 1896 3447 1952 edoctus
3473 1898 3625 1952 nimi-

2045 1965 2163 2037 rum
2192 1984 2220 2020 a
2249 1969 2507 2035 magistro
2543 1982 2642 2023 suo
2678 1967 2958 2037 Fulgentio
2987 1965 3210 2037 ejusque
3236 1967 3494 2022 institutis
3519 1968 3621 2021 im-

2044 2035 2224 2101 butus,
2269 2037 2421 2107 cujus
2456 2047 2633 2092 exstat
2657 2035 2873 2093 ellatiim
2905 2037 3037 2092 illud
3061 2035 3217 2104 plane
3250 2052 3472 2093 aureum
3500 2038 3618 2107 (n):

2052 2125 2071 2159 ι
2104 2106 2384 2177 Duorum,
2434 2108 2628 2176 inquit.
2674 2121 2987 2177 magnorum
3038 2107 3377 2177 luminarium
3405 2149 3419 2172 ,
3478 2106 3621 2162 Petri

2044 2176 2249 2232 scilicet
2281 2178 2533 2246 Paulique
2560 2176 3041 2245 verbis,’tanquam
3090 2176 3495 2246 splendentibus
3528 2191 3625 2246 ra-

2045 2245 2149 2302 diis
2173 2244 2467 2311 illustrata,
2512 2262 2805 2317 eorumque
2845 2244 3095 2301 decorata
3122 2244 3489 2317 corporibus,
3519 2244 3624 2299 Ro-

2046 2334 2198 2372 mana
2224 2334 2339 2388 quae
2363 2319 2541 2371 mundi
2567 2315 2810 2371 cacumen
2838 2327 2931 2382 est,
2965 2324 3095 2388 tenet
3121 2325 3167 2370 et
3197 2318 3340 2388 docet
3370 2315 3621 2388 Ecclesia,

2046 2386 2283 2457 totusque
2333 2404 2448 2441 cum
2499 2404 2556 2441 ea
2601 2387 2923 2442 Christianus
2966 2387 3131 2452 orbis,
3172 2395 3228 2441 t-t
3261 2387 3327 2442 ad
3361 2386 3625 2455 justitiam

2047 2458 2177 2511 nihil
2209 2460 2466 2513 haesitans
2494 2459 2686 2524 credit,
2716 2467 2770 2512 et
2795 2459 2860 2511 ad
2884 2460 3116 2512 salutem
3142 2471 3244 2511 non
3268 2457 3477 2511 dubitat
3504 2470 3625 2511 con-

2050 2528 2210 2582 ﬁteri.
2244 2546 2263 2579 ›
2306 2529 2567 2582 Caeterum
2600 2528 2669 2584 de
2699 2538 2939 2596 tempore
2981 2542 3087 2596 quo
3128 2526 3437 2595 hujusmodi
3488 2524 3623 2580 Ferv-

2048 2598 2200 2652 randi
2247 2599 2474 2664 epistola
2523 2599 2622 2652 fuit
2660 2610 2899 2662 exarata,
2931 2600 3043 2653 lia~c
3073 2596 3232 2652 habet
3251 2598 3447 2652 citatus
3465 2598 3625 2650 modo

2047 2667 2129 2722 vir
2154 2668 2342 2723 doctus
2376 2668 2454 2737 (ο)
2480 2684 2493 2721 :
2530 2687 2548 2719 ι
2582 2671 2767 2723 Annus
2793 2684 2900 2737 quo
2924 2667 3138 2722 laudata
3167 2667 3394 2736 epistola
3422 2668 3622 2735 scripta

2046 2747 2152 2803 est,
2186 2738 2476 2807 ignoratur.
2511 2740 2726 2793 Atcum
2769 2738 3009 2807 episcopi
3055 2737 3288 2792 Africani
3333 2752 3478 2791 anno
3514 2737 3623 2807 5'25

2046 2808 2115 2863 ab
2160 2806 2353 2879 exsilio
2382 2808 2757 2879 Carthaginem
2789 2809 3067 2873 redierint,
3102 2807 3459 2879 postobitnmi
3486 2806 3622 2879 lior-

2048 2878 2236 2933 misdae
2282 2894 2342 2933 ea
2386 2876 2613 2947 epistola
2660 2880 2857 2947 scripta
2903 2891 3148 2947 apparet,
3194 2877 3469 2947 Ferrando
3511 2876 3621 2943 jam

2049 2956 2160 3001 tttm
2193 2945 2432 3003 diacono
2450 2945 2908 3018 Carthaginiensis
2943 2945 3227 3002 Ecclesiae.
3257 2967 3278 3000 ι
3312 2947 3381 3018 At
3407 2945 3627 3018 Chime-

2049 3018 2154 3071 tius
2183 3019 2263 3087 (p)
2289 3037 2303 3072 :
2339 3037 2357 3069 ι
2385 3016 2825 3088 Responsionem,
2873 3018 3065 3087 inquit,
3095 3017 3351 3073 Ferrandi
3377 3017 3443 3088 ad
3470 3016 3627 3088 Seres

2052 3102 2171 3141 rum
2219 3087 2605 3143 scholasticam
2657 3087 3533 3157 Constantinopolitanutnireiero
3562 3087 3627 3139 ad

370 3161 623 3234 abbatem
658 3161 870 3234 indvivis
893 3156 1066 3228 {egisse
1101 3176 1315 3234 ctnn_ex
1350 3161 1507 3213 modo
1536 3159 1854 3234 d_ictis,_tum
1880 3174 1943 3234 ex
1972 3175 2019 3234 ρ
2054 3174 2254 3234 annum
2299 3158 2502 3214 Chriin
2533 3158 2660 3224 552,
2682 3173 2821 3234 _cu_m_
2853 3156 3027 3234 adhuc
3069 3174 3099 3234 v
3126 3166 3275 3234 veret
3314 3156 3629 3234 Fulgentius

372 3245 500 3283 mox
528 3230 767 3285 dicendis
790 3227 946 3299 plane
968 3239 1196 3285 constet.
1222 3229 1390 3283 Porro
1420 3231 1579 3283 errati
1603 3229 1862 3299 originem
1890 3227 1944 3282 in

370 3299 652 3370 Sigeberto
679 3298 882 3369 primus
920 3301 1123 3355 detexit
1150 3303 1270 3354 data
1311 3300 1376 3352 ad
1423 3299 1692 3353 Labbeum
1721 3298 1945 3367 epistola

373 3369 775 3426 illustrissimus
813 3371 1001 3427 Petrus
1030 3372 1097 3425 de
1126 3372 1299 3425 Marca
1332 3370 1768 3437 archiepiscopus
1792 3370 1951 3423 Tolo-

372 3455 557 3506 sanus,
580 3458 737 3510 quam
766 3441 856 3495 ille
882 3442 932 3495 in
960 3440 1221 3495 addcndis
1248 3440 1315 3493 ad
1336 3455 1486 3493 suam
1519 3440 1947 3510 dissertationem

372 3513 443 3564 de
482 3508 832 3580 scriptoribus
866 3510 1247 3567 ecclesiasticis
1274 3511 1543 3577 ernlgavit
1575 3508 1670 3578 (g).
1707 3509 1836 3563 [tem
1877 3511 1951 3562 la-

376 3582 483 3640 tius
538 3581 789 3651 deinceps
838 3582 1104 3651 prnsecmi
1149 3589 1283 3651 sunt,
1323 3580 1662 3651 dor'tissimus
1709 3580 1949 3651 Nobilio»-

358 3653 497 3722 nins
520 3651 622 3722 (li),
662 3649 1007 3722 atque'haud
1042 3649 1124 3704 ita
1170 3650 1376 3722 pridem
1409 3649 1649 3703 doctrina
1671 3657 1747 3722 _et
1775 3650 1953 3722 erudi-

374 3718 803 3790 tione'prmstai.s
826 3722 1129 3777 Mazoch'us
1166 3720 1246 3789 (i).
1276 3720 1448 3774 llosce
1474 3720 1776 3773 triumviros
1796 3718 1954 3773 adeat

358 3792 569 3854 lector,
596 3802 654 3846 ut
678 3802 731 3847 et
760 3792 1003 3860 Eugippii
1033 3798 1272 3855 aetatem,
1294 3800 1346 3844 et
1370 3800 1577 3857 tempus
1603 3804 1708 3857 quo
1739 3790 1804 3843 ad
1827 3803 1951 3844 eum

373 3862 653 3930 epistolam
670 3865 886 3930 scripSit
916 3862 1241 3919 Ferrandus.
1275 3861 1505 3929 penitius
1530 3870 1781 3930 agnoscat
1813 3878 1827 3913 :
1854 3875 1950 3930 nee

373 3879 653 3930 cpistoram
670 3879 728 3917 sc
763 3879 886 3928 lpSll.
916 3879 1241 3919 rerranuus.
1275 3879 1505 3929 peniuus
1530 3879 1781 3929 agnoscat
1813 3879 1827 3913 :
1854 3879 1950 3913 nc-

373 3946 481 3998 que
524 3879 816 3985 NorisiiV.
848 3933 909 3988 C.
962 3932 1123 3985 ductu
1171 3931 1492 3999 abripiatur,
1546 3930 1636 3996 qui
1688 3928 1953 3999 Sigeberti

372 4000 536 4071 verba
562 4000 896 4067 deicribens,
945 4002 1090 4055 illum
1120 4016 1331 4071 errasse
1370 4002 1506 4053 haud
1553 4000 1813 4071 inte'lexit
1844 4000 1949 4071 (j).

373 4070 639 4142 Cteterum
662 4073 739 4142 de
760 4072 1063 4142 hujusmodi
1097 4070 1353 4126 l-‘errandi
1381 4070 1607 4142 epistola
1651 4071 1764 4123 haec
1793 4070 1955 4125 habet

373 4138 671 4196 Chiftletius
700 4141 777 4211 (Ιί)
810 4138 845 4194 ε’
866 4162 884 4193 ι
924 4142 1069 4197 lianc
1094 4156 1126 4195 a
1173 4143 1276 4194 line
1300 4180 1316 4207 ,
1363 4138 1427 4194 ut
1460 4141 1687 4203 videtur,
1740 4150 1955 4211 trunca:-

373 4221 483 4264 tam
524 4212 711 4266 damus
739 4228 803 4266 ex
835 4212 994 4268 editis
1018 4253 1034 4276 ,
1082 4211 1281 4264 nullum
1312 4225 1378 4265 ex
1409 4224 1538 4264 mss.
1573 4210 1848 4264 codicibus
1884 4210 1951 4263 ad

372 4296 493 4335 eam
523 4282 897 4349 perﬁciendam
921 4281 1215 4335 subsidium
1248 4281 1407 4335 nacti.
1432 4279 1565 4334 Cum
1596 4290 1773 4335 autem
1800 4282 1953 4334 Aria-

375 4351 607 4422 nismum
636 4355 901 4422 pracipue
919 4361 1083 4420 petat,
1114 4353 1290 4419 sitque
1320 4353 1371 4403 in
1394 4366 1456 4403 ea
1479 4350 1679 4422 mentio
1700 4351 1953 4417 quzestio-

373 4421 458 4473 nis
485 4420 553 4473 ab
578 4423 780 4477 Ariano
804 4420 997 4477 comite
1030 4432 1339 4492 proposuze,
1362 4436 1428 4473 eo
1444 4420 1758 4492 conjectura
1788 4421 1949 4486 feror,

372 4493 629 4557 scriptam
671 4507 792 4547 esse
827 4490 1074 4546 \‘andalis
1117 4493 1294 4545 adhuc
1341 4492 1391 4543 in
1426 4490 1602 4545 Alrica
1645 4505 1821 4543 rerum
1855 4506 1950 4560 po-

372 4534 623 4614 tieniibns
648 4580 662 4627 ;
692 4573 747 4615 et
775 4565 989 4631 quidem
1021 4571 1280 4632 regnante
1329 4560 1615 4632 ililderico,
1648 4561 1802 4632 cujus
1826 4534 1948 4629 εῖδει
1980 4534 2031 4594 D

369 4631 665 4685 catholicos
746 4633 1031 4700 propensio
1088 4630 1234 4683 Vviam
1300 4630 1571 4685 catecliesi
1655 4631 1949 4698 aperiebat,

370 4703 616 4770 adeoque
654 4716 780 4758 ante
807 4718 1005 4757 annum
1036 4702 1235 4757 Christi
1268 4704 1392 4770 551,
1443 4717 1547 4771 quo
1580 4700 1881 4755 llildericus
1919 4716 1950 4756 a

439 4920 515 4993 (rt)
552 4922 799 4993 Fulgent.
828 4926 985 4988 epist.
1016 4924 1075 4991 2,
1103 4941 1257 4981 num.
1283 4925 1373 4980 3|.

368 4995 517 5117 Patria
548 4994 820 5051 Sirrnond.
851 4997 991 5066 Opp.
1031 5007 1159 5050 tum.
1191 4996 1280 5061 lV,
1323 5011 1445 5067 pag.
1473 4996 1576 5052 756
1601 5010 1779 5065 seqq.,
1818 4994 1950 5051 edit.

441 5102 664 5208 ίὲῖξιιιιν.
710 5135 897 5208 Schol.
930 5137 994 5189 ad
1039 5136 1230 5191 Isidor.
1263 5151 1383 5207 cap.
1431 5136 1535 5203 ιδ,
1582 5146 1637 5192 et
1675 5136 1948 5208 Sigebert.

367 5219 486 5269 cap.
516 5205 586 5259 '59
616 5207 686 5263 de
712 5207 978 5276 Scriptor.
1014 5208 1163 5261 Eccl.

440 5276 522 5345 (ά)
558 5277 800 5348 Bolland.
851 5279 972 5332 Act.
1002 5276 1185 5334 Sanct.
1230 5278 1375 5344 Jan.,
1426 5287 1555 5331 tom.
1590 5277 1629 5342 Ι,
1663 5291 1784 5348 pag.
1824 5276 1951 5343 483,

367 5360 515 5483 miti
546 5347 689 5474 ξεν.
723 5417 859 5472 llist.
894 5417 1060 5475 litier.
1099 5428 1230 5474 tom.
1263 5418 1304 5485 Ι,
1341 5419 1410 5474 ad
1437 5436 1563 5473 ann.
1606 5419 1705 5473 5H
1741 5428 1793 5473 et
1824 5419 1953 5483 553,

368 5499 521 5553 pagg.
549 5487 655 5544 498
678 5500 731 5543 et
759 5489 886 5543 527.

439 5558 515 5628 (Ῑὶ
544 5558 725 5628 Sigeh.
750 5559 816 5612 de
846 5559 1042 5628 Script.
1077 5559 1223 5616 Eccl.
1259 5574 1377 5627 cap.
1406 5559 1497 5614 '59.

443 5625 524 5697 (g)
553 5625 719 5684 Labb.
750 5625 1068 5685 dissertfde
1096 5625 1344 5700 scriptor“.
1373 5631 1507 5685 eccl.
1540 5639 1669 5684 tom.
1705 5628 1749 5694 1,
1794 5644 1951 5700 pagg.

278 5736 313 5760 ρ
371 5695 482 5747 Τῖῖί
504 5695 656 5764 Seqq,

443 5769 521 5838 (Ii)
556 5770 750 5827 Mabill.
785 5771 1006 5829 Analect
1064 5786 1181 5841 pag.
1207 5770 1273 5827 (ῘΘ
1304 5784 1441 5838 seq.,
1475 5786 1596 5826 nov.
1628 5771 1758 5827 edit.

2053 3230 2379 3298 episcopus:
2417 3245 2579 3297 quem
2614 3229 2716 3285 sub
2752 3229 2961 3283 initium
3012 3244 3043 3284 e
3082 3228 3252 3282 istolae
3293 3228 3449 3281 tacite
3475 3226 3627 3294 queri

2054 3298 2284 3361 videtur,
2319 3315 2423 3352 non
2456 3301 2636 3368 potius
2654 3314 2812 3368 quam
2840 3314 2901 3354 se
2926 3299 2995 3353 de
3034 3298 3164 3351 tanti
3209 3299 3461 3368 momenti
3493 3312 3630 3368 conf

2056 3370 2314 3424 troversia
2340 3366 2635 3425 conveniri.
2666 3366 2857 3435 Porro,
2885 3367 3172 3431 subinlert,
3207 3367 3342 3422 hanc
3370 3366 3628 3423 Ferrandi

2054 3440 2119 3510 ad
2151 3441 2409 3494 Severum
2448 3440 2728 3510 epistolam
2771 3440 3031 3495 hactenus
3056 3439 3266 3494 mendis
3286 3438 3547 3501 obsitam,
3575 3447 3632 3491 et

2053 3509 2258 3577 aliquot
2286 3509 2519 3578 periodis
2545 3526 2576 3565 a
2606 3511 2715 3566 ﬁne
2752 3510 3020 3577 mutilam,
3071 3524 3215 3564 nunc
3248 3510 3507 3579 integrant
3537 3522 3630 3579 ex:

2056 3577 2439 3648 pnrgatainque
2483 3581 2803 3648 porrigimus
2832 3596 2901 3634 ex
2945 3579 3132 3635 codice
3172 3579 3346 3633 sancti
3368 3577 3631 3648 'Angendi

2054 3658 2214 3718 atque
2244 3650 2406 3702 etiam
2436 3664 2501 3704 ex
2529 3650 2719 3705 codice
2750 3649 3237 3705 Carmelitanorutu
3272 3648 3631 3704 Discalceato-

2057 3733 2175 3789 rum
2197 3731 2495 3789 conventus
2519 3718 2923 3774 ClaromOntani
2953 3718 3093 3789 apud
3123 3718 3413 3774 Arvernos.
3444 3735 3466 3770 ιι

2128 3788 2216 3844 Vl.
2250 3789 2407 3843 Sexta
2455 3788 2715 3845 Ferrandi
2754 3787 3180 3853 epistola—missa
3226 3788 3535 3857 perhibetur
3563 3787 3631 3839 ad

2054 3857 2326 3930 Pelagium
2373 3860 2501 3930 (qui
2550 3872 2735 3928 postea
2780 3860 3059 3930 Romanus
3101 3856 3341 3930 pontilex
3390 3856 3633 3930 fuit)__et

2053 3926 2389 3990 Anatolium,
2416 3926 2674 3983 diaconos
2713 3929 2860 3984 urbis
2904 3926 3118 3993 Romae;
3142 3928 3211 3984 de
3249 3928 3476 3995 epistola
3530 3926 3634 3982 Iba:

2054 4001 2290 4067 episcopi
2318 3999 2598 4065 Edesseni,
2624 3999 2864 4067 adeoque
2887 4013 2984 4067 pro
3012 4000 3183 4053 tribus
3212 3996 3471 4066 Capitulis
3496 4011 3629 4067 con-

2054 4065 2159 4123 cilii
2219 4065 2678 4125 Chalcedonensis
2740 4065 2998 4139 adversus
3065 4065 3405 4139 Acephal’os.
3467 4065 3636 4139 Hujus

2054 4140 2299 4209 epistolae
2329 4140 2573 4194 meminit
2602 4141 2656 4194 in
2700 4140 2887 4208 primis
2919 4138 3202 4194 Facundus
3232 4138 3635 4194 llermianensis

2054 4209 2139 4265 his
2171 4211 2300 4265 verb
2322 4212 2466 4281 s(q):
2490 4229 2507 4261 ι
2522 4209 2865 4266 Venerabiles
2887 4210 3130 4279 Pelagius
3146 4219 3200 4265 et
3217 4209 3513 4281 Anatol.us,
3543 4209 3637 4263 llo-

2054 4281 2195 4334 mani
2211 4278 2445 4346 diaconi,
2461 4281 2696 4335 debitam
2713 4281 2890 4336 ofﬁcio
2906 4296 3004 4336 suo
3019 4278 3073 4333 et
3092 4282 3209 4335 loco
3223 4278 3637 4333 sollicitudinem

2057 4366 2154 4419 pro
2187 4350 2422 4422 Ecclesia
2456 4350 2549 4406 Dei
2584 4363 2853 4422 gerentes,
2888 4350 3167 4405 laudabilis
3197 4351 3251 4404 in
3280 4347 3497 4422 Christo
3524 4363 3637 4402 tne-

2055 4424 2239 4475 tnnria:
2266 4421 2541 4476 Ferrando
2573 4421 2999 4487 Carthaginiensi
3028 4422 3258 4475 diacono
3279 4421 3636 4489 scripserunt,

2056 4499 2114 4543 ut
2152 4491 2334 4545 habito
2362 4497 2428 4545 de
2481 4490 2582 4546 hac
2627 4507 2787 4545 causa
2843 4492 3027 4563 (trium
3068 4491 3464 4563 capitulorum)
3512 4491 3636 4544 dili-

2090 4564 2196 4614 enti
2228 4571 2453 4615 tractatu
2479 4576 2599 4615 cum
2632 4561 3076 4616 reveren’dissimo
3102 4561 3345 4631 ejusdem
3381 4561 3639 4616 Ecclesia:

2102 4630 2513 4700 arthaginieusis
2561 4632 2838 4701 episcopo,
2890 4632 2975 4686 vel
3016 4630 3295 4700 aliis’quos
3351 4641 3408 4686 et
3458 4632 3633 4686 zelum

2055 4702 2181 4758 ﬁdei
2225 4711 2275 4755 ιι
2320 4701 2513 4757 divina:
2562 4702 2869 4773 Scripturm-
2902 4703 3064 4759 sciret
3110 4702 3307 4760 habere
3354 4703 3636 4765 notitiam,

2128 4920 2190 4988 (ἱ)
2244 4918 2481 4975 Mazoch.
2528 4919 2830 4975 Comment.
2896 4919 2949 4973 in
3000 4927 3109 4973 vet.
3164 4929 3355 4970 marm.
3402 4912 3632 4968 Kalend.

2057 4990 2303 5057 Neapul.,
2330 4990 2438 5044 vol.
2471 4989 2510 5055 I,
2538 5006 2691 5060 pagg.
2727 4989 2985 5044 £25455.

2129 5054 2423 5186 (ᾖὸῗὲι-ἱε.
2467 5054 2829 5130 llist."l’elag.
2873 5060 2964 5114 lib.
3009 5074 3085 5124 ιι,
3123 5072 3243 5127 cap.
3288 5054 3381 5122 2|,
3422 5064 3553 5110 tom.
3592 5055 3635 5121 l,

2129 5148 2177 5186 ιι.
2320 5173 2332 5183 .

2094 5147 2177 5185 ne.
2209 5136 2332 5185 515.

2057 5147 2177 5202 pag.
2209 5147 2332 5186 am.

2133 5201 2211 5271 (k)
2234 5201 2469 5256 Cbililet.
2505 5198 2710 5269 praefat.
2736 5200 2799 5252 ad
2830 5195 3085 5271 Fertand.
3111 5194 3228 5271 ξιτ
3267 5268 3277 5271 _
3325 5268 3334 5271 _
3412 5252 3419 5259 .

2129 5267 2199 5342 (Ι)
2226 5272 2403 5326 Neris.
2438 5267 2851 5342 llist._coutrov.
2875 5270 2941 5325 de
2969 5283 3074 5321 uno
3100 5284 3167 5322 ex
3192 5268 3382 5322 'l‘rinit.
3414 5282 3535 5338 cap.
3579 5267 3634 5333 9,

2059 5338 2189 5398 tom.
2221 5343 2313 5404 lll,
2350 5356 2468 5410 pag.
2496 5338 2602 5396 856
2631 5356 2747 5407 seq.

2133 5416 2229 5485 (ηε)
2254 5409 2510 5467 Ferrand.
2526 5411 2685 5479 epist.
2705 5412 2759 5474 5,
2784 5409 2849 5462 ad
2874 5409 3086 5472 Seven,
3110 5426 3228 5480 cap.
3248 5413 3296 5475 l,
3329 5409 3487 5473 intra,
3513 5423 3637 5477 pag.

2058 5486 2181 5540 90.9.

2130 5555 2213 5623 (ιι)
2242 5551 2485 5622 Fulgent.
2516 5551 2706 5623 libade
2731 5549 3013 5623 Incsiruqet
3037 5550 3186 5607 Grat.
3210 5566 3329 5620 cap.
3361 5551 3441 5611 ιι.

2130 5620 2209 5694 (ο)
2240 5620 2417 5694 Neris.
2447 5625 2549 5676 loc.
2585 5621 2677 5694 cit.
2708 5636 2829 5691 pag.
2858 5620 2986 5677 858.

2130 5693 2212 5762 (p)
2241 5693 2474 5748 Lhiiﬁet.
2503 5693 2708 5758 prmlat.
2742 5695 2806 5745 ad
2834 5696 2971 5761 Opp.
3004 5693 3255 5748 Ferrand.
3295 5694 3517 5751 nuntii.

2133 5765 2207 5835 (ty)
2238 5763 2474 5822 Fat-und.
2503 5763 2686 5822 llertn.
2713 5765 2801 5821 lib.
2833 5780 2902 5832 tv,
2930 5779 3045 5833 cap.
3080 5767 3134 5833 Ei,
3164 5766 3261 5821 sub
3289 5765 3379 5819 ﬁn.
