  <div class='ocr_page' id='page_1' title='image "/cluster/home/n/w/nwhite01/storage/ocr_20150623/67/hvd.32044073505273/452.png"; bbox 0 0 3998 6202; ppageno 0'>
   <div class='ocr_carea' id='block_1_1' title="bbox 300 335 404 394">
    <p class='ocr_par' dir='ltr' id='par_1_1' title="bbox 300 335 404 394">
     <span class='ocr_line' id='line_1_1' title="bbox 300 335 404 394; baseline 0 -1"><span class='ocrx_word' id='word_1_1' title='bbox 300 335 404 394; x_wconf 84' lang='lat'><strong>889</strong></span> 
     </span>
    </p>
   </div>
   <div class='ocr_carea' id='block_1_2' title="bbox 1493 325 2396 387">
    <p class='ocr_par' dir='ltr' id='par_1_2' title="bbox 1493 325 2396 387">
     <span class='ocr_line' id='line_1_2' title="bbox 1493 325 2396 387; baseline -0.001 -3"><span class='ocrx_word' id='word_1_2' title='bbox 1493 327 1848 387; x_wconf 61' lang='lat' dir='ltr'><strong>EPISTOLAE</strong></span> <span class='ocrx_word' id='word_1_3' title='bbox 1887 325 1976 381; x_wconf 81' lang='lat' dir='ltr'><strong>ET</strong></span> <span class='ocrx_word' id='word_1_4' title='bbox 2013 325 2396 385; x_wconf 77' lang='lat' dir='ltr'><strong>OPUSCULA.</strong></span> 
     </span>
    </p>
   </div>
   <div class='ocr_carea' id='block_1_3' title="bbox 3481 339 3589 400">
    <p class='ocr_par' dir='ltr' id='par_1_3' title="bbox 3481 339 3589 400">
     <span class='ocr_line' id='line_1_3' title="bbox 3481 339 3589 400; baseline 0.037 -4"><span class='ocrx_word' id='word_1_5' title='bbox 3481 339 3589 400; x_wconf 64' lang='lat' dir='ltr'><strong>8W</strong></span> 
     </span>
    </p>
   </div>
   <div class='ocr_carea' id='block_1_4' title="bbox 297 443 3588 522">
    <p class='ocr_par' dir='ltr' id='par_1_4' title="bbox 297 443 3588 522">
     <span class='ocr_line' id='line_1_4' title="bbox 297 443 3588 522; baseline 0.002 -17"><span class='ocrx_word' id='word_1_6' title='bbox 297 447 549 518; x_wconf 86' lang='lat' dir='ltr'><strong>cipiendo</strong></span> <span class='ocrx_word' id='word_1_7' title='bbox 579 446 714 514; x_wconf 85' lang='lat' dir='ltr'><strong>patri</strong></span> <span class='ocrx_word' id='word_1_8' title='bbox 747 445 1029 516; x_wconf 73' lang='lat' dir='ltr'><strong>Fulgentio</strong></span> <span class='ocrx_word' id='word_1_9' title='bbox 1059 445 1331 514; x_wconf 78' lang='lat' dir='ltr'><strong>episcopo,</strong></span> <span class='ocrx_word' id='word_1_10' title='bbox 1367 445 1674 500; x_wconf 75' lang='lat' dir='ltr'><strong>Ferrantlus</strong></span> <span class='ocrx_word' id='word_1_11' title='bbox 1711 445 1760 499; x_wconf 75' lang='lat' dir='ltr'><strong>il“</strong></span> <span class='ocrx_word' id='word_1_12' title='bbox 1781 459 1891 500; x_wconf 84' lang='lat' dir='ltr'><strong>ieo-</strong></span> <span class='ocrx_word' id='word_1_13' title='bbox 1926 443 1978 501; x_wconf 81' lang='grc' dir='ltr'><strong>Δ</strong></span> <span class='ocrx_word' id='word_1_14' title='bbox 2004 445 2113 498; x_wconf 90' lang='lat' dir='ltr'><strong>nito</strong></span> <span class='ocrx_word' id='word_1_15' title='bbox 2149 445 2257 499; x_wconf 86' lang='lat' dir='ltr'><strong>Deo</strong></span> <span class='ocrx_word' id='word_1_16' title='bbox 2283 446 2460 500; x_wconf 90' lang='lat' dir='ltr'><strong>carnis</strong></span> <span class='ocrx_word' id='word_1_17' title='bbox 2485 461 2596 502; x_wconf 71' lang='lat' dir='ltr'><strong>siue</strong></span> <span class='ocrx_word' id='word_1_18' title='bbox 2624 449 2903 505; x_wconf 75' lang='lat' dir='ltr'><strong>materiam</strong></span> <span class='ocrx_word' id='word_1_19' title='bbox 2947 451 3304 522; x_wconf 65' lang='lat' dir='ltr'><strong>ministrasse,</strong></span> <span class='ocrx_word' id='word_1_20' title='bbox 3351 462 3588 516; x_wconf 72' lang='lat' dir='ltr'><strong>consub-</strong></span> 
     </span>
    </p>
   </div>
   <div class='ocr_carea' id='block_1_5' title="bbox 298 537 1018 596">
    <p class='ocr_par' dir='ltr' id='par_1_5' title="bbox 298 537 1018 596">
     <span class='ocr_line' id='line_1_5' title="bbox 298 537 1018 596; baseline -0.004 -2"><span class='ocrx_word' id='word_1_21' title='bbox 298 557 400 596; x_wconf 88' lang='lat' dir='ltr'><strong>nus</strong></span> <span class='ocrx_word' id='word_1_22' title='bbox 435 539 485 591; x_wconf 90' lang='lat' dir='ltr'><strong>in</strong></span> <span class='ocrx_word' id='word_1_23' title='bbox 519 537 744 591; x_wconf 89' lang='lat' dir='ltr'><strong>Domino</strong></span> <span class='ocrx_word' id='word_1_24' title='bbox 767 537 1018 592; x_wconf 83' lang='lat' dir='ltr'><strong>salutem.</strong></span> 
     </span>
    </p>
   </div>
   <div class='ocr_carea' id='block_1_6' title="bbox 370 630 1892 700">
    <p class='ocr_par' dir='ltr' id='par_1_6' title="bbox 370 630 1892 700">
     <span class='ocr_line' id='line_1_6' title="bbox 370 630 1892 700; baseline -0.001 -13"><span class='ocrx_word' id='word_1_25' title='bbox 370 633 423 687; x_wconf 75' lang='grc'><strong>1.</strong></span> <span class='ocrx_word' id='word_1_26' title='bbox 456 632 554 698; x_wconf 86' lang='lat' dir='ltr'><strong>Qui</strong></span> <span class='ocrx_word' id='word_1_27' title='bbox 589 633 818 686; x_wconf 92' lang='lat' dir='ltr'><strong>terrenis</strong></span> <span class='ocrx_word' id='word_1_28' title='bbox 863 631 1096 700; x_wconf 87' lang='lat' dir='ltr'><strong>indigent</strong></span> <span class='ocrx_word' id='word_1_29' title='bbox 1127 630 1486 694; x_wconf 74' lang='lat' dir='ltr'><strong>facultatibus,</strong></span> <span class='ocrx_word' id='word_1_30' title='bbox 1520 647 1617 686; x_wconf 90' lang='lat' dir='ltr'><strong>nec</strong></span> <span class='ocrx_word' id='word_1_31' title='bbox 1657 631 1892 686; x_wconf 91' lang='lat' dir='ltr'><strong>diuturni</strong></span> 
     </span>
    </p>
   </div>
   <div class='ocr_carea' id='block_1_7' title="bbox 300 722 1896 794">
    <p class='ocr_par' dir='ltr' id='par_1_7' title="bbox 300 722 1896 794">
     <span class='ocr_line' id='line_1_7' title="bbox 300 722 1896 794; baseline 0 -17"><span class='ocrx_word' id='word_1_32' title='bbox 300 727 480 794; x_wconf 73' lang='lat' dir='ltr'><strong>operis</strong></span> <span class='ocrx_word' id='word_1_33' title='bbox 524 723 832 776; x_wconf 84' lang='lat' dir='ltr'><strong>cootinuato</strong></span> <span class='ocrx_word' id='word_1_34' title='bbox 877 723 1078 784; x_wconf 86' lang='lat' dir='ltr'><strong>labore.</strong></span> <span class='ocrx_word' id='word_1_35' title='bbox 1129 723 1212 776; x_wconf 88' lang='lat' dir='ltr'><strong>vel</strong></span> <span class='ocrx_word' id='word_1_36' title='bbox 1263 722 1503 776; x_wconf 68' lang='lat' dir='ltr'><strong>honesta:</strong></span> <span class='ocrx_word' id='word_1_37' title='bbox 1557 726 1689 776; x_wconf 81' lang='lat' dir='ltr'><strong>artis</strong></span> <span class='ocrx_word' id='word_1_38' title='bbox 1735 723 1896 777; x_wconf 83' lang='lat' dir='ltr'><strong>indu-</strong></span> 
     </span>
    </p>
   </div>
   <div class='ocr_carea' id='block_1_8' title="bbox 301 812 1895 884">
    <p class='ocr_par' dir='ltr' id='par_1_8' title="bbox 301 812 1895 884">
     <span class='ocr_line' id='line_1_8' title="bbox 301 812 1895 884; baseline -0.001 -14"><span class='ocrx_word' id='word_1_39' title='bbox 301 815 454 878; x_wconf 75' lang='lat' dir='ltr'><strong>stria,</strong></span> <span class='ocrx_word' id='word_1_40' title='bbox 484 825 590 868; x_wconf 92' lang='lat' dir='ltr'><strong>etc.</strong></span> <span class='ocrx_word' id='word_1_41' title='bbox 622 842 691 853; x_wconf 95' lang='lat'><strong>—</strong></span> <span class='ocrx_word' id='word_1_42' title='bbox 724 813 938 882; x_wconf 80' lang='lat' dir='ltr'><strong>Reliqua</strong></span> <span class='ocrx_word' id='word_1_43' title='bbox 996 814 1180 868; x_wconf 74' lang='lat' dir='ltr'><strong>videris</strong></span> <span class='ocrx_word' id='word_1_44' title='bbox 1234 813 1368 866; x_wconf 78' lang='lat' dir='ltr'><strong>inter</strong></span> <span class='ocrx_word' id='word_1_45' title='bbox 1416 814 1585 884; x_wconf 80' lang='lat' dir='ltr'><strong><em>Opera</em></strong></span> <span class='ocrx_word' id='word_1_46' title='bbox 1629 812 1895 884; x_wconf 76' lang='lat' dir='ltr'><strong>Fulgentii</strong></span> 
     </span>
    </p>
   </div>
   <div class='ocr_carea' id='block_1_9' title="bbox 301 905 924 973">
    <p class='ocr_par' dir='ltr' id='par_1_9' title="bbox 301 905 924 973">
     <span class='ocr_line' id='line_1_9' title="bbox 301 905 924 973; baseline -0.005 -11"><span class='ocrx_word' id='word_1_47' title='bbox 301 916 424 962; x_wconf 77' lang='lat' dir='ltr'><strong>tom.</strong></span> <span class='ocrx_word' id='word_1_48' title='bbox 459 905 626 973; x_wconf 73' lang='lat' dir='ltr'><strong>LXV,</strong></span> <span class='ocrx_word' id='word_1_49' title='bbox 667 905 768 961; x_wconf 85' lang='lat' dir='ltr'><strong>col.</strong></span> <span class='ocrx_word' id='word_1_50' title='bbox 797 905 924 960; x_wconf 77' lang='lat'><strong>578.</strong></span> 
     </span>
    </p>
   </div>
   <div class='ocr_carea' id='block_1_10' title="bbox 899 1038 1340 1095">
    <p class='ocr_par' dir='ltr' id='par_1_10' title="bbox 899 1038 1340 1095">
     <span class='ocr_line' id='line_1_10' title="bbox 899 1038 1340 1095; baseline 0.005 -2"><span class='ocrx_word' id='word_1_51' title='bbox 899 1038 1228 1095; x_wconf 75' lang='lat' dir='ltr'><strong>EDISTOLA</strong></span> <span class='ocrx_word' id='word_1_52' title='bbox 1274 1039 1340 1095; x_wconf 84' lang='lat' dir='ltr'><strong>ll.</strong></span> 
     </span>
    </p>
   </div>
   <div class='ocr_carea' id='block_1_11' title="bbox 377 1194 1827 1266">
    <p class='ocr_par' dir='ltr' id='par_1_11' title="bbox 377 1194 1827 1266">
     <span class='ocr_line' id='line_1_11' title="bbox 377 1194 1827 1266; baseline 0 -16"><span class='ocrx_word' id='word_1_53' title='bbox 377 1195 676 1250; x_wconf 70' lang='lat' dir='ltr'><strong>Ferrandus</strong></span> <span class='ocrx_word' id='word_1_54' title='bbox 731 1194 1027 1266; x_wconf 81' lang='lat' dir='ltr'><strong>Fulgeulio.</strong></span> <span class='ocrx_word' id='word_1_55' title='bbox 1078 1195 1380 1260; x_wconf 71' lang='lat' dir='ltr'><strong>quiestioues</strong></span> <span class='ocrx_word' id='word_1_56' title='bbox 1434 1200 1654 1265; x_wconf 78' lang='lat' dir='ltr'><strong>quinque</strong></span> <span class='ocrx_word' id='word_1_57' title='bbox 1708 1211 1827 1262; x_wconf 79' lang='lat' dir='ltr'><strong>pro-</strong></span> 
     </span>
    </p>
   </div>
   <div class='ocr_carea' id='block_1_12' title="bbox 988 1283 1200 1336">
    <p class='ocr_par' dir='ltr' id='par_1_12' title="bbox 988 1283 1200 1336">
     <span class='ocr_line' id='line_1_12' title="bbox 988 1283 1200 1336; baseline 0.005 -18"><span class='ocrx_word' id='word_1_58' title='bbox 988 1283 1200 1336; x_wconf 75' lang='lat' dir='ltr'><strong>ponens.</strong></span> 
     </span>
    </p>
   </div>
   <div class='ocr_carea' id='block_1_13' title="bbox 377 1418 1905 1485">
    <p class='ocr_par' dir='ltr' id='par_1_13' title="bbox 377 1418 1905 1485">
     <span class='ocr_line' id='line_1_13' title="bbox 377 1418 1905 1485; baseline -0.005 -9"><span class='ocrx_word' id='word_1_59' title='bbox 377 1422 602 1476; x_wconf 89' lang='lat' dir='ltr'><strong>Domino</strong></span> <span class='ocrx_word' id='word_1_60' title='bbox 634 1422 941 1476; x_wconf 86' lang='lat' dir='ltr'><strong>beatissimo</strong></span> <span class='ocrx_word' id='word_1_61' title='bbox 966 1429 1021 1475; x_wconf 92' lang='lat' dir='ltr'><strong>et</strong></span> <span class='ocrx_word' id='word_1_62' title='bbox 1051 1435 1169 1474; x_wconf 89' lang='lat' dir='ltr'><strong>cum</strong></span> <span class='ocrx_word' id='word_1_63' title='bbox 1197 1421 1341 1475; x_wconf 92' lang='lat' dir='ltr'><strong>omni</strong></span> <span class='ocrx_word' id='word_1_64' title='bbox 1369 1419 1715 1474; x_wconf 81' lang='lat' dir='ltr'><strong>veneratione</strong></span> <span class='ocrx_word' id='word_1_65' title='bbox 1744 1418 1905 1485; x_wconf 85' lang='lat' dir='ltr'><strong>inspi-</strong></span> 
     </span>
    </p>
   </div>
   <div class='ocr_carea' id='block_1_14' title="bbox 299 1512 1888 1584">
    <p class='ocr_par' dir='ltr' id='par_1_14' title="bbox 299 1512 1888 1584">
     <span class='ocr_line' id='line_1_14' title="bbox 299 1512 1888 1584; baseline -0.003 -12"><span class='ocrx_word' id='word_1_66' title='bbox 299 1517 497 1572; x_wconf 89' lang='lat' dir='ltr'><strong>ciendo</strong></span> <span class='ocrx_word' id='word_1_67' title='bbox 544 1527 731 1570; x_wconf 90' lang='lat' dir='ltr'><strong>sancto</strong></span> <span class='ocrx_word' id='word_1_68' title='bbox 770 1516 903 1582; x_wconf 88' lang='lat' dir='ltr'><strong>patri</strong></span> <span class='ocrx_word' id='word_1_69' title='bbox 947 1514 1226 1584; x_wconf 82' lang='lat' dir='ltr'><strong>Fulgentio</strong></span> <span class='ocrx_word' id='word_1_70' title='bbox 1265 1514 1539 1584; x_wconf 77' lang='lat' dir='ltr'><strong>episCOpo,</strong></span> <span class='ocrx_word' id='word_1_71' title='bbox 1583 1512 1888 1570; x_wconf 76' lang='lat' dir='ltr'><strong>Ferrandus</strong></span> 
     </span>
    </p>
   </div>
   <div class='ocr_carea' id='block_1_15' title="bbox 301 1606 1186 1664">
    <p class='ocr_par' dir='ltr' id='par_1_15' title="bbox 301 1606 1186 1664">
     <span class='ocr_line' id='line_1_15' title="bbox 301 1606 1186 1664; baseline -0.007 0"><span class='ocrx_word' id='word_1_72' title='bbox 301 1610 564 1664; x_wconf 76' lang='lat' dir='ltr'><strong>diaconus</strong></span> <span class='ocrx_word' id='word_1_73' title='bbox 588 1607 640 1659; x_wconf 85' lang='lat' dir='ltr'><strong>iii</strong></span> <span class='ocrx_word' id='word_1_74' title='bbox 675 1606 899 1660; x_wconf 90' lang='lat' dir='ltr'><strong>Domino</strong></span> <span class='ocrx_word' id='word_1_75' title='bbox 937 1606 1186 1660; x_wconf 82' lang='lat' dir='ltr'><strong>salutem.</strong></span> 
     </span>
    </p>
   </div>
   <div class='ocr_carea' id='block_1_16' title="bbox 384 1693 1892 1766">
    <p class='ocr_par' dir='ltr' id='par_1_16' title="bbox 384 1693 1892 1766">
     <span class='ocr_line' id='line_1_16' title="bbox 384 1693 1892 1766; baseline -0.004 -15"><span class='ocrx_word' id='word_1_76' title='bbox 384 1699 434 1751; x_wconf 81' lang='lat' dir='ltr'><strong>l.</strong></span> <span class='ocrx_word' id='word_1_77' title='bbox 469 1697 625 1766; x_wconf 69' lang='lat' dir='ltr'><strong>Sit-pe</strong></span> <span class='ocrx_word' id='word_1_78' title='bbox 657 1698 821 1750; x_wconf 89' lang='lat' dir='ltr'><strong>multa</strong></span> <span class='ocrx_word' id='word_1_79' title='bbox 854 1697 994 1750; x_wconf 87' lang='lat' dir='ltr'><strong>volui</strong></span> <span class='ocrx_word' id='word_1_80' title='bbox 1027 1695 1221 1752; x_wconf 71' lang='lat' dir='ltr'><strong>affectu</strong></span> <span class='ocrx_word' id='word_1_81' title='bbox 1247 1697 1577 1765; x_wconf 85' lang='lat' dir='ltr'><strong>interrogare</strong></span> <span class='ocrx_word' id='word_1_82' title='bbox 1605 1693 1844 1748; x_wconf 86' lang='lat' dir='ltr'><strong>discendi</strong></span> <span class='ocrx_word' id='word_1_83' title='bbox 1879 1711 1892 1746; x_wconf 89' lang='lat'><strong>:</strong></span> 
     </span>
    </p>
   </div>
   <div class='ocr_carea' id='block_1_17' title="bbox 307 1785 1894 1855">
    <p class='ocr_par' dir='ltr' id='par_1_17' title="bbox 307 1785 1894 1855">
     <span class='ocr_line' id='line_1_17' title="bbox 307 1785 1894 1855; baseline -0.004 -13"><span class='ocrx_word' id='word_1_84' title='bbox 307 1788 401 1842; x_wconf 85' lang='lat' dir='ltr'><strong>sed</strong></span> <span class='ocrx_word' id='word_1_85' title='bbox 433 1789 709 1842; x_wconf 87' lang='lat' dir='ltr'><strong>absentem</strong></span> <span class='ocrx_word' id='word_1_86' title='bbox 743 1788 1053 1854; x_wconf 84' lang='lat' dir='ltr'><strong>magistrum</strong></span> <span class='ocrx_word' id='word_1_87' title='bbox 1087 1785 1451 1855; x_wconf 90' lang='lat' dir='ltr'><strong>frequentibus</strong></span> <span class='ocrx_word' id='word_1_88' title='bbox 1476 1785 1722 1853; x_wconf 86' lang='lat' dir='ltr'><strong>epistolis</strong></span> <span class='ocrx_word' id='word_1_89' title='bbox 1747 1799 1894 1838; x_wconf 82' lang='lat' dir='ltr'><strong>Cotu-</strong></span> 
     </span>
    </p>
   </div>
   <div class='ocr_carea' id='block_1_18' title="bbox 307 1875 1894 1949">
    <p class='ocr_par' dir='ltr' id='par_1_18' title="bbox 307 1875 1894 1949">
     <span class='ocr_line' id='line_1_18' title="bbox 307 1875 1894 1949; baseline -0.004 -16"><span class='ocrx_word' id='word_1_90' title='bbox 307 1881 529 1949; x_wconf 59' lang='lat' dir='ltr'><strong>pella&#39;e,</strong></span> <span class='ocrx_word' id='word_1_91' title='bbox 579 1881 894 1947; x_wconf 67' lang='lat' dir='ltr'><strong>punitorum</strong></span> <span class='ocrx_word' id='word_1_92' title='bbox 939 1877 1128 1930; x_wconf 87' lang='lat' dir='ltr'><strong>raritas</strong></span> <span class='ocrx_word' id='word_1_93' title='bbox 1158 1892 1222 1930; x_wconf 79' lang='lat' dir='ltr'><strong>ex</strong></span> <span class='ocrx_word' id='word_1_94' title='bbox 1268 1876 1478 1930; x_wconf 88' lang='lat' dir='ltr'><strong>itineris</strong></span> <span class='ocrx_word' id='word_1_95' title='bbox 1509 1875 1894 1944; x_wconf 76' lang='lat' dir='ltr'><strong>longinquitate</strong></span> 
     </span>
    </p>
   </div>
   <div class='ocr_carea' id='block_1_19' title="bbox 307 1965 1897 2041">
    <p class='ocr_par' dir='ltr' id='par_1_19' title="bbox 307 1965 1897 2041">
     <span class='ocr_line' id='line_1_19' title="bbox 307 1965 1897 2041; baseline -0.001 -20"><span class='ocrx_word' id='word_1_96' title='bbox 307 1973 602 2041; x_wconf 75' lang='lat' dir='ltr'><strong>prohibuit,</strong></span> <span class='ocrx_word' id='word_1_97' title='bbox 631 1981 738 2031; x_wconf 80' lang='lat' dir='ltr'><strong>etc.</strong></span> <span class='ocrx_word' id='word_1_98' title='bbox 771 2001 834 2011; x_wconf 93' lang='lat'><strong>-—</strong></span> <span class='ocrx_word' id='word_1_99' title='bbox 863 1971 1074 2038; x_wconf 79' lang='lat' dir='ltr'><strong>Reliqua</strong></span> <span class='ocrx_word' id='word_1_100' title='bbox 1102 1970 1285 2024; x_wconf 76' lang='lat' dir='ltr'><strong>videsis</strong></span> <span class='ocrx_word' id='word_1_101' title='bbox 1308 1970 1437 2022; x_wconf 84' lang='lat' dir='ltr'><strong>inter</strong></span> <span class='ocrx_word' id='word_1_102' title='bbox 1463 1970 1630 2039; x_wconf 81' lang='lat' dir='ltr'><strong>Opera</strong></span> <span class='ocrx_word' id='word_1_103' title='bbox 1670 1965 1897 2037; x_wconf 82' lang='lat' dir='ltr'><strong>Fulgen-</strong></span> 
     </span>
    </p>
   </div>
   <div class='ocr_carea' id='block_1_20' title="bbox 309 2062 1010 2129">
    <p class='ocr_par' dir='ltr' id='par_1_20' title="bbox 309 2062 1010 2129">
     <span class='ocr_line' id='line_1_20' title="bbox 309 2062 1010 2129; baseline -0.003 -13"><span class='ocrx_word' id='word_1_104' title='bbox 309 2064 386 2128; x_wconf 81' lang='lat' dir='ltr'><strong>lii,</strong></span> <span class='ocrx_word' id='word_1_105' title='bbox 419 2075 539 2116; x_wconf 86' lang='lat' dir='ltr'><strong>tam.</strong></span> <span class='ocrx_word' id='word_1_106' title='bbox 570 2062 727 2129; x_wconf 77' lang='lat' dir='ltr'><strong>LXV,</strong></span> <span class='ocrx_word' id='word_1_107' title='bbox 753 2064 852 2116; x_wconf 86' lang='lat' dir='ltr'><strong>col.</strong></span> <span class='ocrx_word' id='word_1_108' title='bbox 883 2062 1010 2116; x_wconf 72' lang='lat'><strong>392.</strong></span> 
     </span>
    </p>
   </div>
   <div class='ocr_carea' id='block_1_21' title="bbox 874 2223 1334 2281">
    <p class='ocr_par' dir='ltr' id='par_1_21' title="bbox 874 2223 1334 2281">
     <span class='ocr_line' id='line_1_21' title="bbox 874 2223 1334 2281; baseline -0.004 -3"><span class='ocrx_word' id='word_1_109' title='bbox 874 2223 1207 2281; x_wconf 77' lang='lat' dir='ltr'><strong>EPISTULA</strong></span> <span class='ocrx_word' id='word_1_110' title='bbox 1250 2223 1334 2277; x_wconf 92' lang='lat' dir='ltr'><strong>lll.</strong></span> 
     </span>
    </p>
   </div>
   <div class='ocr_carea' id='block_1_22' title="bbox 556 2351 1630 2393">
    <p class='ocr_par' dir='ltr' id='par_1_22' title="bbox 556 2351 1630 2393">
     <span class='ocr_line' id='line_1_22' title="bbox 556 2351 1630 2393; baseline -0.002 -1"><span class='ocrx_word' id='word_1_111' title='bbox 556 2354 623 2392; x_wconf 75' lang='lat' dir='ltr'><strong>AD</strong></span> <span class='ocrx_word' id='word_1_112' title='bbox 651 2353 954 2392; x_wconf 70' lang='lat' dir='ltr'><strong>ANATOLIUII</strong></span> <span class='ocrx_word' id='word_1_113' title='bbox 982 2353 1242 2393; x_wconf 66' lang='grc' dir='ltr'><strong>υιΑοοκωι</strong></span> <span class='ocrx_word' id='word_1_114' title='bbox 1274 2352 1424 2392; x_wconf 79' lang='lat' dir='ltr'><strong>UBBIS</strong></span> <span class='ocrx_word' id='word_1_115' title='bbox 1453 2351 1630 2392; x_wconf 62' lang='grc' dir='ltr'><strong>ιιοιιι.</strong></span> 
     </span>
    </p>
   </div>
   <div class='ocr_carea' id='block_1_23' title="bbox 312 2447 1896 2519">
    <p class='ocr_par' dir='ltr' id='par_1_23' title="bbox 312 2447 1896 2519">
     <span class='ocr_line' id='line_1_23' title="bbox 312 2447 1896 2519; baseline -0.003 -15"><span class='ocrx_word' id='word_1_116' title='bbox 312 2452 394 2507; x_wconf 77' lang='lat' dir='ltr'><strong>De</strong></span> <span class='ocrx_word' id='word_1_117' title='bbox 419 2453 614 2506; x_wconf 77' lang='lat' dir='ltr'><strong>duabus</strong></span> <span class='ocrx_word' id='word_1_118' title='bbox 655 2453 707 2504; x_wconf 84' lang='lat' dir='ltr'><strong>in</strong></span> <span class='ocrx_word' id='word_1_119' title='bbox 749 2450 954 2505; x_wconf 76' lang='lat' dir='ltr'><strong>Christo</strong></span> <span class='ocrx_word' id='word_1_120' title='bbox 984 2452 1179 2505; x_wconf 75' lang='lat' dir='ltr'><strong>naturis</strong></span> <span class='ocrx_word' id='word_1_121' title='bbox 1204 2467 1222 2504; x_wconf 91' lang='lat'><strong><em>:</em></strong></span> <span class='ocrx_word' id='word_1_122' title='bbox 1243 2460 1290 2504; x_wconf 86' lang='lat' dir='ltr'><strong>et</strong></span> <span class='ocrx_word' id='word_1_123' title='bbox 1317 2453 1449 2519; x_wconf 78' lang='lat' dir='ltr'><strong>quod</strong></span> <span class='ocrx_word' id='word_1_124' title='bbox 1481 2467 1614 2504; x_wconf 82' lang='lat' dir='ltr'><strong>unus</strong></span> <span class='ocrx_word' id='word_1_125' title='bbox 1641 2449 1695 2503; x_wconf 84' lang='lat' dir='ltr'><strong>in</strong></span> <span class='ocrx_word' id='word_1_126' title='bbox 1730 2447 1896 2502; x_wconf 79' lang='lat' dir='ltr'><strong>Triui-</strong></span> 
     </span>
    </p>
   </div>
   <div class='ocr_carea' id='block_1_24' title="bbox 639 2523 1570 2590">
    <p class='ocr_par' dir='ltr' id='par_1_24' title="bbox 639 2523 1570 2590">
     <span class='ocr_line' id='line_1_24' title="bbox 639 2523 1570 2590; baseline -0.002 -14"><span class='ocrx_word' id='word_1_127' title='bbox 639 2532 756 2587; x_wconf 76' lang='lat' dir='ltr'><strong>tate,</strong></span> <span class='ocrx_word' id='word_1_128' title='bbox 790 2533 936 2574; x_wconf 78' lang='lat' dir='ltr'><strong>natus</strong></span> <span class='ocrx_word' id='word_1_129' title='bbox 958 2538 1233 2590; x_wconf 69' lang='lat' dir='ltr'><strong>partusque</strong></span> <span class='ocrx_word' id='word_1_130' title='bbox 1261 2524 1364 2574; x_wconf 81' lang='lat' dir='ltr'><strong>dici</strong></span> <span class='ocrx_word' id='word_1_131' title='bbox 1395 2523 1570 2590; x_wconf 70' lang='lat' dir='ltr'><strong>possit.</strong></span> 
     </span>
    </p>
   </div>
   <div class='ocr_carea' id='block_1_25' title="bbox 390 2651 1897 2724">
    <p class='ocr_par' dir='ltr' id='par_1_25' title="bbox 390 2651 1897 2724">
     <span class='ocr_line' id='line_1_25' title="bbox 390 2651 1897 2724; baseline -0.003 -15"><span class='ocrx_word' id='word_1_132' title='bbox 390 2657 443 2709; x_wconf 79' lang='lat' dir='ltr'><strong>f.</strong></span> <span class='ocrx_word' id='word_1_133' title='bbox 482 2654 607 2709; x_wconf 77' lang='lat' dir='ltr'><strong>Post</strong></span> <span class='ocrx_word' id='word_1_134' title='bbox 633 2655 916 2723; x_wconf 82' lang='lat' dir='ltr'><strong>epistolam</strong></span> <span class='ocrx_word' id='word_1_135' title='bbox 947 2653 1083 2708; x_wconf 89' lang='lat' dir='ltr'><strong>beati</strong></span> <span class='ocrx_word' id='word_1_136' title='bbox 1117 2669 1267 2724; x_wconf 69' lang='lat' dir='ltr'><strong>papas</strong></span> <span class='ocrx_word' id='word_1_137' title='bbox 1315 2652 1530 2721; x_wconf 81' lang='lat' dir='ltr'><strong>Leonis,</strong></span> <span class='ocrx_word' id='word_1_138' title='bbox 1570 2662 1624 2706; x_wconf 92' lang='lat' dir='ltr'><strong>et</strong></span> <span class='ocrx_word' id='word_1_139' title='bbox 1663 2651 1897 2706; x_wconf 84' lang='lat' dir='ltr'><strong>salubria</strong></span> 
     </span>
    </p>
   </div>
   <div class='ocr_carea' id='block_1_26' title="bbox 311 2744 1901 2810">
    <p class='ocr_par' dir='ltr' id='par_1_26' title="bbox 311 2744 1901 2810">
     <span class='ocr_line' id='line_1_26' title="bbox 311 2744 1901 2810; baseline -0.003 -10"><span class='ocrx_word' id='word_1_140' title='bbox 311 2744 769 2800; x_wconf 82' lang='lat' dir='ltr'><strong>Chalcedonensis</strong></span> <span class='ocrx_word' id='word_1_141' title='bbox 805 2745 1024 2799; x_wconf 89' lang='lat' dir='ltr'><strong>decreta</strong></span> <span class='ocrx_word' id='word_1_142' title='bbox 1063 2746 1296 2810; x_wconf 87' lang='lat' dir='ltr'><strong>concilii,</strong></span> <span class='ocrx_word' id='word_1_143' title='bbox 1331 2759 1517 2798; x_wconf 87' lang='lat' dir='ltr'><strong>sanete</strong></span> <span class='ocrx_word' id='word_1_144' title='bbox 1547 2746 1709 2798; x_wconf 89' lang='lat' dir='ltr'><strong>frater</strong></span> <span class='ocrx_word' id='word_1_145' title='bbox 1757 2747 1901 2797; x_wconf 87' lang='lat' dir='ltr'><strong>Ana-</strong></span> 
     </span>
    </p>
   </div>
   <div class='ocr_carea' id='block_1_27' title="bbox 313 2835 1898 2907">
    <p class='ocr_par' dir='ltr' id='par_1_27' title="bbox 313 2835 1898 2907">
     <span class='ocr_line' id='line_1_27' title="bbox 313 2835 1898 2907; baseline -0.001 -17"><span class='ocrx_word' id='word_1_146' title='bbox 313 2837 438 2896; x_wconf 87' lang='lat' dir='ltr'><strong>toli,</strong></span> <span class='ocrx_word' id='word_1_147' title='bbox 466 2851 571 2890; x_wconf 89' lang='lat' dir='ltr'><strong>n0u</strong></span> <span class='ocrx_word' id='word_1_148' title='bbox 602 2837 804 2906; x_wconf 89' lang='lat' dir='ltr'><strong>indiget</strong></span> <span class='ocrx_word' id='word_1_149' title='bbox 837 2837 1150 2907; x_wconf 78' lang='lat' dir='ltr'><strong>Eutychetis</strong></span> <span class='ocrx_word' id='word_1_150' title='bbox 1198 2835 1325 2889; x_wconf 91' lang='lat' dir='ltr'><strong>olim</strong></span> <span class='ocrx_word' id='word_1_151' title='bbox 1373 2835 1624 2888; x_wconf 87' lang='lat' dir='ltr'><strong>damnata</strong></span> <span class='ocrx_word' id='word_1_152' title='bbox 1676 2835 1898 2904; x_wconf 88' lang='lat' dir='ltr'><strong>perﬁdia</strong></span> 
     </span>
    </p>
   </div>
   <div class='ocr_carea' id='block_1_28' title="bbox 313 2924 1901 2997">
    <p class='ocr_par' dir='ltr' id='par_1_28' title="bbox 313 2924 1901 2997">
     <span class='ocr_line' id='line_1_28' title="bbox 313 2924 1901 2997; baseline -0.003 -15"><span class='ocrx_word' id='word_1_153' title='bbox 313 2929 557 2997; x_wconf 82' lang='lat' dir='ltr'><strong>p&#39;eniore</strong></span> <span class='ocrx_word' id='word_1_154' title='bbox 603 2927 966 2996; x_wconf 82' lang='lat' dir='ltr'><strong>disputatione</strong></span> <span class='ocrx_word' id='word_1_155' title='bbox 1010 2927 1278 2980; x_wconf 77' lang='lat' dir='ltr'><strong>convinci.</strong></span> <span class='ocrx_word' id='word_1_156' title='bbox 1333 2926 1588 2995; x_wconf 82' lang='lat' dir='ltr'><strong>Sepultus</strong></span> <span class='ocrx_word' id='word_1_157' title='bbox 1644 2942 1770 2996; x_wconf 90' lang='lat' dir='ltr'><strong>ergo</strong></span> <span class='ocrx_word' id='word_1_158' title='bbox 1816 2924 1901 2995; x_wconf 85' lang='lat' dir='ltr'><strong>ja-</strong></span> 
     </span>
    </p>
   </div>
   <div class='ocr_carea' id='block_1_29' title="bbox 314 3022 1901 3092">
    <p class='ocr_par' dir='ltr' id='par_1_29' title="bbox 314 3022 1901 3092">
     <span class='ocr_line' id='line_1_29' title="bbox 314 3022 1901 3092; baseline -0.002 -13"><span class='ocrx_word' id='word_1_159' title='bbox 314 3036 438 3079; x_wconf 87' lang='lat' dir='ltr'><strong>ceat</strong></span> <span class='ocrx_word' id='word_1_160' title='bbox 467 3025 517 3078; x_wconf 90' lang='lat' dir='ltr'><strong>in</strong></span> <span class='ocrx_word' id='word_1_161' title='bbox 540 3026 812 3080; x_wconf 88' lang='lat' dir='ltr'><strong>cineribus</strong></span> <span class='ocrx_word' id='word_1_162' title='bbox 839 3025 950 3078; x_wconf 89' lang='lat' dir='ltr'><strong>suis</strong></span> <span class='ocrx_word' id='word_1_163' title='bbox 981 3022 1223 3077; x_wconf 74' lang='lat' dir='ltr'><strong>nefanda:</strong></span> <span class='ocrx_word' id='word_1_164' title='bbox 1249 3024 1518 3078; x_wconf 71' lang='lat' dir='ltr'><strong>hazreseos</strong></span> <span class='ocrx_word' id='word_1_165' title='bbox 1543 3023 1794 3092; x_wconf 89' lang='lat' dir='ltr'><strong>profanus</strong></span> <span class='ocrx_word' id='word_1_166' title='bbox 1817 3022 1901 3076; x_wconf 86' lang='lat' dir='ltr'><strong>in-</strong></span> 
     </span>
    </p>
   </div>
   <div class='ocr_carea' id='block_1_30' title="bbox 315 3113 1900 3182">
    <p class='ocr_par' dir='ltr' id='par_1_30' title="bbox 315 3113 1900 3182">
     <span class='ocr_line' id='line_1_30' title="bbox 315 3113 1900 3182; baseline -0.001 -13"><span class='ocrx_word' id='word_1_167' title='bbox 315 3127 530 3171; x_wconf 86' lang='lat' dir='ltr'><strong>ventor.</strong></span> <span class='ocrx_word' id='word_1_168' title='bbox 562 3115 743 3172; x_wconf 87' lang='lat' dir='ltr'><strong>Semel</strong></span> <span class='ocrx_word' id='word_1_169' title='bbox 776 3116 927 3169; x_wconf 90' lang='lat' dir='ltr'><strong>illum</strong></span> <span class='ocrx_word' id='word_1_170' title='bbox 979 3114 1202 3168; x_wconf 91' lang='lat' dir='ltr'><strong>fulmine</strong></span> <span class='ocrx_word' id='word_1_171' title='bbox 1248 3114 1605 3168; x_wconf 88' lang='lat' dir='ltr'><strong>anathematis</strong></span> <span class='ocrx_word' id='word_1_172' title='bbox 1656 3113 1900 3182; x_wconf 87' lang='lat' dir='ltr'><strong>judican-</strong></span> 
     </span>
    </p>
   </div>
   <div class='ocr_carea' id='block_1_31' title="bbox 1999 538 3586 623">
    <p class='ocr_par' dir='ltr' id='par_1_31' title="bbox 1999 538 3586 623">
     <span class='ocr_line' id='line_1_31' title="bbox 1999 538 3586 623; baseline 0.012 -33"><span class='ocrx_word' id='word_1_173' title='bbox 1999 538 2301 592; x_wconf 87' lang='lat' dir='ltr'><strong>stamialem</strong></span> <span class='ocrx_word' id='word_1_174' title='bbox 2337 538 2525 593; x_wconf 78' lang='lat' dir='ltr'><strong>Filium</strong></span> <span class='ocrx_word' id='word_1_175' title='bbox 2557 544 2713 596; x_wconf 80' lang='lat' dir='ltr'><strong>matri</strong></span> <span class='ocrx_word' id='word_1_176' title='bbox 2770 542 2926 598; x_wconf 88' lang='lat' dir='ltr'><strong>fateri</strong></span> <span class='ocrx_word' id='word_1_177' title='bbox 2981 547 3227 614; x_wconf 87' lang='lat' dir='ltr'><strong>nolebat;</strong></span> <span class='ocrx_word' id='word_1_178' title='bbox 3269 559 3322 604; x_wconf 90' lang='lat' dir='ltr'><strong>et</strong></span> <span class='ocrx_word' id='word_1_179' title='bbox 3368 564 3586 623; x_wconf 82' lang='lat' dir='ltr'><strong>propter</strong></span> 
     </span>
    </p>
   </div>
   <div class='ocr_carea' id='block_1_32' title="bbox 2003 630 3580 709">
    <p class='ocr_par' dir='ltr' id='par_1_32' title="bbox 2003 630 3580 709">
     <span class='ocr_line' id='line_1_32' title="bbox 2003 630 3580 709; baseline 0.012 -27"><span class='ocrx_word' id='word_1_180' title='bbox 2003 630 2103 685; x_wconf 91' lang='lat' dir='ltr'><strong>hoc</strong></span> <span class='ocrx_word' id='word_1_181' title='bbox 2129 632 2378 687; x_wconf 87' lang='lat' dir='ltr'><strong>saucians</strong></span> <span class='ocrx_word' id='word_1_182' title='bbox 2398 635 2682 689; x_wconf 62' lang='lat' dir='ltr'><strong>catholica:</strong></span> <span class='ocrx_word' id='word_1_183' title='bbox 2706 637 2927 691; x_wconf 88' lang='lat' dir='ltr'><strong>unitatis</strong></span> <span class='ocrx_word' id='word_1_184' title='bbox 2965 638 3349 709; x_wconf 77' lang='lat' dir='ltr'><strong>integritatem,</strong></span> <span class='ocrx_word' id='word_1_185' title='bbox 3391 649 3580 701; x_wconf 83' lang='lat' dir='ltr'><strong>retorti</strong></span> 
     </span>
    </p>
   </div>
   <div class='ocr_carea' id='block_1_33' title="bbox 2001 723 3584 794">
    <p class='ocr_par' dir='ltr' id='par_1_33' title="bbox 2001 723 3584 794">
     <span class='ocr_line' id='line_1_33' title="bbox 2001 723 3584 794; baseline 0.011 -19"><span class='ocrx_word' id='word_1_186' title='bbox 2001 723 2275 776; x_wconf 85' lang='lat' dir='ltr'><strong>mucronis</strong></span> <span class='ocrx_word' id='word_1_187' title='bbox 2322 723 2518 794; x_wconf 88' lang='lat' dir='ltr'><strong>impetu</strong></span> <span class='ocrx_word' id='word_1_188' title='bbox 2548 726 2731 790; x_wconf 78' lang='lat' dir='ltr'><strong>noxio,</strong></span> <span class='ocrx_word' id='word_1_189' title='bbox 2763 726 2922 782; x_wconf 81' lang='lat' dir='ltr'><strong>Verbi</strong></span> <span class='ocrx_word' id='word_1_190' title='bbox 2972 728 3234 786; x_wconf 87' lang='lat' dir='ltr'><strong>incarnati</strong></span> <span class='ocrx_word' id='word_1_191' title='bbox 3282 733 3412 788; x_wconf 89' lang='lat' dir='ltr'><strong>duas</strong></span> <span class='ocrx_word' id='word_1_192' title='bbox 3457 738 3584 792; x_wconf 79' lang='lat' dir='ltr'><strong>sub—</strong></span> 
     </span>
    </p>
   </div>
   <div class='ocr_carea' id='block_1_34' title="bbox 1998 814 3586 890">
    <p class='ocr_par' dir='ltr' id='par_1_34' title="bbox 1998 814 3586 890">
     <span class='ocr_line' id='line_1_34' title="bbox 1998 814 3586 890; baseline 0.008 -22"><span class='ocrx_word' id='word_1_193' title='bbox 1998 814 2222 868; x_wconf 87' lang='lat' dir='ltr'><strong>stantias</strong></span> <span class='ocrx_word' id='word_1_194' title='bbox 2251 815 2472 870; x_wconf 80' lang='lat' dir='ltr'><strong>credere</strong></span> <span class='ocrx_word' id='word_1_195' title='bbox 2519 815 2796 885; x_wconf 87' lang='lat' dir='ltr'><strong>dubitans,</strong></span> <span class='ocrx_word' id='word_1_196' title='bbox 2847 835 3006 874; x_wconf 86' lang='lat' dir='ltr'><strong>unam</strong></span> <span class='ocrx_word' id='word_1_197' title='bbox 3056 823 3264 890; x_wconf 89' lang='lat' dir='ltr'><strong>penitus</strong></span> <span class='ocrx_word' id='word_1_198' title='bbox 3305 823 3586 882; x_wconf 79' lang='lat' dir='ltr'><strong>abscinde-</strong></span> 
     </span>
    </p>
   </div>
   <div class='ocr_carea' id='block_1_35' title="bbox 2001 905 3584 980">
    <p class='ocr_par' dir='ltr' id='par_1_35' title="bbox 2001 905 3584 980">
     <span class='ocr_line' id='line_1_35' title="bbox 2001 905 3584 980; baseline 0.008 -20"><span class='ocrx_word' id='word_1_199' title='bbox 2001 905 2111 960; x_wconf 88' lang='lat' dir='ltr'><strong>bat.</strong></span> <span class='ocrx_word' id='word_1_200' title='bbox 2141 907 2247 962; x_wconf 88' lang='lat' dir='ltr'><strong>Sed</strong></span> <span class='ocrx_word' id='word_1_201' title='bbox 2276 909 2366 963; x_wconf 86' lang='lat' dir='ltr'><strong>ille</strong></span> <span class='ocrx_word' id='word_1_202' title='bbox 2391 911 2481 976; x_wconf 88' lang='lat' dir='ltr'><strong>qui</strong></span> <span class='ocrx_word' id='word_1_203' title='bbox 2511 925 2604 977; x_wconf 87' lang='lat' dir='ltr'><strong>per</strong></span> <span class='ocrx_word' id='word_1_204' title='bbox 2628 925 2774 964; x_wconf 85' lang='lat' dir='ltr'><strong>arma</strong></span> <span class='ocrx_word' id='word_1_205' title='bbox 2798 909 3022 980; x_wconf 65' lang='lat' dir='ltr'><strong>iustitia:</strong></span> <span class='ocrx_word' id='word_1_206' title='bbox 3052 912 3240 968; x_wconf 76' lang='lat' dir='ltr'><strong>dextra</strong></span> <span class='ocrx_word' id='word_1_207' title='bbox 3267 923 3324 969; x_wconf 90' lang='lat' dir='ltr'><strong>et</strong></span> <span class='ocrx_word' id='word_1_208' title='bbox 3365 917 3584 973; x_wconf 84' lang='lat' dir='ltr'><strong>sinistra</strong></span> 
     </span>
    </p>
   </div>
   <div class='ocr_carea' id='block_1_36' title="bbox 2001 1001 3584 1071">
    <p class='ocr_par' dir='ltr' id='par_1_36' title="bbox 2001 1001 3584 1071">
     <span class='ocr_line' id='line_1_36' title="bbox 2001 1001 3584 1071; baseline 0.007 -19"><span class='ocrx_word' id='word_1_209' title='bbox 2001 1011 2201 1070; x_wconf 77' lang='lat' dir='ltr'><strong>pugnat</strong></span> <span class='ocrx_word' id='word_1_210' title='bbox 2246 1001 2298 1055; x_wconf 92' lang='lat' dir='ltr'><strong>in</strong></span> <span class='ocrx_word' id='word_1_211' title='bbox 2334 1003 2468 1066; x_wconf 83' lang='lat' dir='ltr'><strong>suis,</strong></span> <span class='ocrx_word' id='word_1_212' title='bbox 2499 1018 2656 1056; x_wconf 87' lang='lat' dir='ltr'><strong>unam</strong></span> <span class='ocrx_word' id='word_1_213' title='bbox 2683 1003 2899 1071; x_wconf 87' lang='lat' dir='ltr'><strong>quidem</strong></span> <span class='ocrx_word' id='word_1_214' title='bbox 2946 1005 3269 1059; x_wconf 83' lang='lat' dir='ltr'><strong>sententiam</strong></span> <span class='ocrx_word' id='word_1_215' title='bbox 3318 1007 3584 1063; x_wconf 87' lang='lat' dir='ltr'><strong>lethaliter</strong></span> 
     </span>
    </p>
   </div>
   <div class='ocr_carea' id='block_1_37' title="bbox 1999 1096 3581 1166">
    <p class='ocr_par' dir='ltr' id='par_1_37' title="bbox 1999 1096 3581 1166">
     <span class='ocr_line' id='line_1_37' title="bbox 1999 1096 3581 1166; baseline 0.006 -19"><span class='ocrx_word' id='word_1_216' title='bbox 1999 1096 2297 1148; x_wconf 87' lang='lat' dir='ltr'><strong>nocituram</strong></span> <span class='ocrx_word' id='word_1_217' title='bbox 2326 1096 2581 1150; x_wconf 90' lang='lat' dir='ltr'><strong>continuo</strong></span> <span class='ocrx_word' id='word_1_218' title='bbox 2605 1096 2809 1152; x_wconf 88' lang='lat' dir='ltr'><strong>viribus</strong></span> <span class='ocrx_word' id='word_1_219' title='bbox 2829 1106 3138 1154; x_wconf 89' lang='lat' dir='ltr'><strong>evacuatam</strong></span> <span class='ocrx_word' id='word_1_220' title='bbox 3166 1099 3240 1154; x_wconf 63' lang='lat' dir='ltr'><strong>sic</strong></span> <span class='ocrx_word' id='word_1_221' title='bbox 3261 1099 3581 1166; x_wconf 82' lang='lat' dir='ltr'><strong>debilitavit,</strong></span> 
     </span>
    </p>
   </div>
   <div class='ocr_carea' id='block_1_38' title="bbox 1999 1188 3581 1264">
    <p class='ocr_par' dir='ltr' id='par_1_38' title="bbox 1999 1188 3581 1264">
     <span class='ocr_line' id='line_1_38' title="bbox 1999 1188 3581 1264; baseline 0.006 -24"><span class='ocrx_word' id='word_1_222' title='bbox 1999 1197 2058 1241; x_wconf 91' lang='lat' dir='ltr'><strong>ut</strong></span> <span class='ocrx_word' id='word_1_223' title='bbox 2086 1188 2170 1241; x_wconf 79' lang='lat' dir='ltr'><strong>vix</strong></span> <span class='ocrx_word' id='word_1_224' title='bbox 2197 1188 2427 1256; x_wconf 89' lang='lat' dir='ltr'><strong>aliquem</strong></span> <span class='ocrx_word' id='word_1_225' title='bbox 2461 1190 2620 1244; x_wconf 91' lang='lat' dir='ltr'><strong>modo</strong></span> <span class='ocrx_word' id='word_1_226' title='bbox 2645 1192 2883 1261; x_wconf 83' lang='lat' dir='ltr'><strong>reperire</strong></span> <span class='ocrx_word' id='word_1_227' title='bbox 2915 1193 3112 1262; x_wconf 81' lang='lat' dir='ltr'><strong>possis,</strong></span> <span class='ocrx_word' id='word_1_228' title='bbox 3143 1195 3232 1262; x_wconf 91' lang='lat' dir='ltr'><strong>qui</strong></span> <span class='ocrx_word' id='word_1_229' title='bbox 3267 1209 3460 1264; x_wconf 86' lang='lat' dir='ltr'><strong>negare</strong></span> <span class='ocrx_word' id='word_1_230' title='bbox 3490 1210 3581 1249; x_wconf 83' lang='lat' dir='ltr'><strong>au-</strong></span> 
     </span>
    </p>
   </div>
   <div class='ocr_carea' id='block_1_39' title="bbox 1998 1277 3582 1350">
    <p class='ocr_par' dir='ltr' id='par_1_39' title="bbox 1998 1277 3582 1350">
     <span class='ocr_line' id='line_1_39' title="bbox 1998 1277 3582 1350; baseline 0.007 -20"><span class='ocrx_word' id='word_1_231' title='bbox 1998 1277 2125 1332; x_wconf 87' lang='lat' dir='ltr'><strong>deat</strong></span> <span class='ocrx_word' id='word_1_232' title='bbox 2153 1277 2377 1332; x_wconf 91' lang='lat' dir='ltr'><strong>Domino</strong></span> <span class='ocrx_word' id='word_1_233' title='bbox 2420 1278 2545 1333; x_wconf 83' lang='lat' dir='ltr'><strong>Jesu</strong></span> <span class='ocrx_word' id='word_1_234' title='bbox 2579 1280 2792 1336; x_wconf 88' lang='lat' dir='ltr'><strong>Christo</strong></span> <span class='ocrx_word' id='word_1_235' title='bbox 2823 1283 3048 1338; x_wconf 89' lang='lat' dir='ltr'><strong>materni</strong></span> <span class='ocrx_word' id='word_1_236' title='bbox 3097 1287 3342 1350; x_wconf 81' lang='lat' dir='ltr'><strong>corporis</strong></span> <span class='ocrx_word' id='word_1_237' title='bbox 3387 1287 3582 1341; x_wconf 76' lang='lat' dir='ltr'><strong>verita-</strong></span> 
     </span>
    </p>
   </div>
   <div class='ocr_carea' id='block_1_40' title="bbox 2001 1367 3582 1442">
    <p class='ocr_par' dir='ltr' id='par_1_40' title="bbox 2001 1367 3582 1442">
     <span class='ocr_line' id='line_1_40' title="bbox 2001 1367 3582 1442; baseline 0.006 -20"><span class='ocrx_word' id='word_1_238' title='bbox 2001 1377 2132 1425; x_wconf 88' lang='lat' dir='ltr'><strong>tem.</strong></span> <span class='ocrx_word' id='word_1_239' title='bbox 2161 1367 2425 1422; x_wconf 84' lang='lat' dir='ltr'><strong>Plurimos</strong></span> <span class='ocrx_word' id='word_1_240' title='bbox 2456 1385 2584 1424; x_wconf 89' lang='lat' dir='ltr'><strong>vero</strong></span> <span class='ocrx_word' id='word_1_241' title='bbox 2628 1386 2869 1440; x_wconf 74' lang='lat' dir='ltr'><strong>personre</strong></span> <span class='ocrx_word' id='word_1_242' title='bbox 2914 1373 3070 1428; x_wconf 87' lang='lat' dir='ltr'><strong>unius</strong></span> <span class='ocrx_word' id='word_1_243' title='bbox 3121 1373 3460 1442; x_wconf 85' lang='lat' dir='ltr'><strong>singularitas</strong></span> <span class='ocrx_word' id='word_1_244' title='bbox 3513 1375 3582 1431; x_wconf 87' lang='lat' dir='ltr'><strong>ab</strong></span> 
     </span>
    </p>
   </div>
   <div class='ocr_carea' id='block_1_41' title="bbox 1999 1461 3580 1528">
    <p class='ocr_par' dir='ltr' id='par_1_41' title="bbox 1999 1461 3580 1528">
     <span class='ocr_line' id='line_1_41' title="bbox 1999 1461 3580 1528; baseline 0.004 -14"><span class='ocrx_word' id='word_1_245' title='bbox 1999 1461 2251 1528; x_wconf 81' lang='lat' dir='ltr'><strong>Opinione</strong></span> <span class='ocrx_word' id='word_1_246' title='bbox 2305 1461 2529 1516; x_wconf 89' lang='lat' dir='ltr'><strong>duarum</strong></span> <span class='ocrx_word' id='word_1_247' title='bbox 2599 1465 3016 1518; x_wconf 86' lang='lat' dir='ltr'><strong>substamiarum</strong></span> <span class='ocrx_word' id='word_1_248' title='bbox 3077 1475 3239 1520; x_wconf 89' lang='lat' dir='ltr'><strong>terret</strong></span> <span class='ocrx_word' id='word_1_249' title='bbox 3317 1467 3580 1521; x_wconf 89' lang='lat' dir='ltr'><strong>incautos.</strong></span> 
     </span>
    </p>
   </div>
   <div class='ocr_carea' id='block_1_42' title="bbox 2001 1549 3580 1625">
    <p class='ocr_par' dir='ltr' id='par_1_42' title="bbox 2001 1549 3580 1625">
     <span class='ocr_line' id='line_1_42' title="bbox 2001 1549 3580 1625; baseline 0.003 -19"><span class='ocrx_word' id='word_1_250' title='bbox 2001 1549 2252 1619; x_wconf 75' lang='lat' dir='ltr'><strong>Utrisque</strong></span> <span class='ocrx_word' id='word_1_251' title='bbox 2280 1563 2456 1605; x_wconf 91' lang='lat' dir='ltr'><strong>tamen</strong></span> <span class='ocrx_word' id='word_1_252' title='bbox 2483 1567 2580 1605; x_wconf 90' lang='lat' dir='ltr'><strong>nos</strong></span> <span class='ocrx_word' id='word_1_253' title='bbox 2605 1553 3077 1621; x_wconf 71' lang='lat' dir='ltr'><strong>prnpositionibus,</strong></span> <span class='ocrx_word' id='word_1_254' title='bbox 3099 1569 3166 1608; x_wconf 91' lang='lat' dir='ltr'><strong>ne</strong></span> <span class='ocrx_word' id='word_1_255' title='bbox 3188 1557 3580 1625; x_wconf 85' lang='lat' dir='ltr'><strong>contempsisse</strong></span> 
     </span>
    </p>
   </div>
   <div class='ocr_carea' id='block_1_43' title="bbox 1998 1643 3580 1716">
    <p class='ocr_par' dir='ltr' id='par_1_43' title="bbox 1998 1643 3580 1716">
     <span class='ocr_line' id='line_1_43' title="bbox 1998 1643 3580 1716; baseline 0.008 -24"><span class='ocrx_word' id='word_1_256' title='bbox 1998 1653 2232 1696; x_wconf 89' lang='lat' dir='ltr'><strong>vestrmn</strong></span> <span class='ocrx_word' id='word_1_257' title='bbox 2263 1643 2536 1697; x_wconf 79' lang='lat' dir='ltr'><strong>videamur</strong></span> <span class='ocrx_word' id='word_1_258' title='bbox 2568 1645 2872 1712; x_wconf 90' lang='lat' dir='ltr'><strong>imperium,</strong></span> <span class='ocrx_word' id='word_1_259' title='bbox 2921 1646 3342 1716; x_wconf 78' lang='lat' dir='ltr'><strong>respondemus;</strong></span> <span class='ocrx_word' id='word_1_260' title='bbox 3388 1659 3442 1702; x_wconf 89' lang='lat' dir='ltr'><strong>et</strong></span> <span class='ocrx_word' id='word_1_261' title='bbox 3489 1663 3580 1704; x_wconf 84' lang='lat' dir='ltr'><strong>se-</strong></span> 
     </span>
    </p>
   </div>
   <div class='ocr_carea' id='block_1_44' title="bbox 1999 1735 3580 1808">
    <p class='ocr_par' dir='ltr' id='par_1_44' title="bbox 1999 1735 3580 1808">
     <span class='ocr_line' id='line_1_44' title="bbox 1999 1735 3580 1808; baseline 0.006 -24"><span class='ocrx_word' id='word_1_262' title='bbox 1999 1742 2225 1802; x_wconf 76' lang='lat' dir='ltr'><strong>quentes</strong></span> <span class='ocrx_word' id='word_1_263' title='bbox 2253 1735 2490 1804; x_wconf 84' lang='lat' dir='ltr'><strong>regulam</strong></span> <span class='ocrx_word' id='word_1_264' title='bbox 2538 1735 2774 1805; x_wconf 84' lang='lat' dir='ltr'><strong>Patrum,</strong></span> <span class='ocrx_word' id='word_1_265' title='bbox 2822 1737 2916 1792; x_wconf 83' lang='lat' dir='ltr'><strong>tibi</strong></span> <span class='ocrx_word' id='word_1_266' title='bbox 2951 1753 3161 1808; x_wconf 85' lang='lat' dir='ltr'><strong>quoque</strong></span> <span class='ocrx_word' id='word_1_267' title='bbox 3193 1739 3470 1796; x_wconf 86' lang='lat' dir='ltr'><strong>notissima</strong></span> <span class='ocrx_word' id='word_1_268' title='bbox 3506 1741 3580 1794; x_wconf 82' lang='lat' dir='ltr'><strong>lo-</strong></span> 
     </span>
    </p>
   </div>
   <div class='ocr_carea' id='block_1_45' title="bbox 1925 1827 2520 1898">
    <p class='ocr_par' dir='ltr' id='par_1_45' title="bbox 1925 1827 2520 1898">
     <span class='ocr_line' id='line_1_45' title="bbox 1925 1827 2520 1898; baseline 0.01 -22"><span class='ocrx_word' id='word_1_269' title='bbox 1925 1829 1971 1888; x_wconf 75' lang='grc' dir='ltr'><strong>Β</strong></span> <span class='ocrx_word' id='word_1_270' title='bbox 2000 1843 2226 1898; x_wconf 90' lang='lat' dir='ltr'><strong>qucmur</strong></span> <span class='ocrx_word' id='word_1_271' title='bbox 2249 1827 2520 1897; x_wconf 88' lang='lat' dir='ltr'><strong>intrepidi.</strong></span> 
     </span>
    </p>
   </div>
   <div class='ocr_carea' id='block_1_46' title="bbox 2067 1939 3581 2015">
    <p class='ocr_par' dir='ltr' id='par_1_46' title="bbox 2067 1939 3581 2015">
     <span class='ocr_line' id='line_1_46' title="bbox 2067 1939 3581 2015; baseline 0.003 -23"><span class='ocrx_word' id='word_1_272' title='bbox 2067 1939 2122 1992; x_wconf 76' lang='grc'><strong>2.</strong></span> <span class='ocrx_word' id='word_1_273' title='bbox 2169 1939 2310 1993; x_wconf 80' lang='lat' dir='ltr'><strong>Bene</strong></span> <span class='ocrx_word' id='word_1_274' title='bbox 2349 1941 2495 1994; x_wconf 81' lang='lat' dir='ltr'><strong>e..im</strong></span> <span class='ocrx_word' id='word_1_275' title='bbox 2536 1939 2776 2007; x_wconf 90' lang='lat' dir='ltr'><strong>peritiam</strong></span> <span class='ocrx_word' id='word_1_276' title='bbox 2811 1949 2951 1995; x_wconf 91' lang='lat' dir='ltr'><strong>tuam</strong></span> <span class='ocrx_word' id='word_1_277' title='bbox 2986 1957 3144 1998; x_wconf 85' lang='lat' dir='ltr'><strong>nosse</strong></span> <span class='ocrx_word' id='word_1_278' title='bbox 3181 1942 3416 2012; x_wconf 88' lang='lat' dir='ltr'><strong>conﬁdo,</strong></span> <span class='ocrx_word' id='word_1_279' title='bbox 3451 1960 3581 2015; x_wconf 82' lang='lat' dir='ltr'><strong>quo-</strong></span> 
     </span>
    </p>
   </div>
   <div class='ocr_carea' id='block_1_47' title="bbox 2000 2031 3580 2104">
    <p class='ocr_par' dir='ltr' id='par_1_47' title="bbox 2000 2031 3580 2104">
     <span class='ocr_line' id='line_1_47' title="bbox 2000 2031 3580 2104; baseline 0.004 -22"><span class='ocrx_word' id='word_1_280' title='bbox 2000 2031 2140 2083; x_wconf 87' lang='lat' dir='ltr'><strong>niam</strong></span> <span class='ocrx_word' id='word_1_281' title='bbox 2169 2031 2238 2094; x_wconf 89' lang='lat' dir='ltr'><strong>si,</strong></span> <span class='ocrx_word' id='word_1_282' title='bbox 2272 2031 2566 2084; x_wconf 89' lang='lat' dir='ltr'><strong>secundum</strong></span> <span class='ocrx_word' id='word_1_283' title='bbox 2597 2031 2739 2097; x_wconf 89' lang='lat' dir='ltr'><strong>quod</strong></span> <span class='ocrx_word' id='word_1_284' title='bbox 2774 2032 3058 2086; x_wconf 72' lang='lat' dir='ltr'><strong>haereticus</strong></span> <span class='ocrx_word' id='word_1_285' title='bbox 3097 2034 3296 2102; x_wconf 89' lang='lat' dir='ltr'><strong>sapuit,</strong></span> <span class='ocrx_word' id='word_1_286' title='bbox 3345 2035 3455 2089; x_wconf 86' lang='lat' dir='ltr'><strong>imo</strong></span> <span class='ocrx_word' id='word_1_287' title='bbox 3488 2054 3580 2104; x_wconf 88' lang='lat' dir='ltr'><strong>po-</strong></span> 
     </span>
    </p>
   </div>
   <div class='ocr_carea' id='block_1_48' title="bbox 1999 2120 3580 2188">
    <p class='ocr_par' dir='ltr' id='par_1_48' title="bbox 1999 2120 3580 2188">
     <span class='ocr_line' id='line_1_48' title="bbox 1999 2120 3580 2188; baseline 0.004 -15"><span class='ocrx_word' id='word_1_288' title='bbox 1999 2123 2106 2174; x_wconf 83' lang='lat' dir='ltr'><strong>tius</strong></span> <span class='ocrx_word' id='word_1_289' title='bbox 2148 2120 2394 2188; x_wconf 83' lang='lat' dir='ltr'><strong>tlesipuit,</strong></span> <span class='ocrx_word' id='word_1_290' title='bbox 2427 2134 2553 2174; x_wconf 90' lang='lat' dir='ltr'><strong>caro</strong></span> <span class='ocrx_word' id='word_1_291' title='bbox 2588 2121 2742 2175; x_wconf 74' lang='lat' dir='ltr'><strong>Verbi</strong></span> <span class='ocrx_word' id='word_1_292' title='bbox 2791 2123 2881 2176; x_wconf 89' lang='lat' dir='ltr'><strong>Dei</strong></span> <span class='ocrx_word' id='word_1_293' title='bbox 2925 2125 3218 2178; x_wconf 90' lang='lat' dir='ltr'><strong>secundum</strong></span> <span class='ocrx_word' id='word_1_294' title='bbox 3245 2141 3458 2180; x_wconf 81' lang='lat' dir='ltr'><strong>carnem</strong></span> <span class='ocrx_word' id='word_1_295' title='bbox 3493 2144 3580 2180; x_wconf 87' lang='lat' dir='ltr'><strong>na-</strong></span> 
     </span>
    </p>
   </div>
   <div class='ocr_carea' id='block_1_49' title="bbox 1999 2210 3581 2281">
    <p class='ocr_par' dir='ltr' id='par_1_49' title="bbox 1999 2210 3581 2281">
     <span class='ocr_line' id='line_1_49' title="bbox 1999 2210 3581 2281; baseline 0.003 -15"><span class='ocrx_word' id='word_1_296' title='bbox 1999 2213 2199 2267; x_wconf 88' lang='lat' dir='ltr'><strong>scentis</strong></span> <span class='ocrx_word' id='word_1_297' title='bbox 2226 2227 2253 2264; x_wconf 91' lang='lat' dir='ltr'><strong>a</strong></span> <span class='ocrx_word' id='word_1_298' title='bbox 2285 2210 2703 2280; x_wconf 78' lang='lat' dir='ltr'><strong>carne-Virginis</strong></span> <span class='ocrx_word' id='word_1_299' title='bbox 2736 2213 3112 2280; x_wconf 88' lang='lat' dir='ltr'><strong>pronuntiatur</strong></span> <span class='ocrx_word' id='word_1_300' title='bbox 3140 2227 3420 2281; x_wconf 79' lang='lat' dir='ltr'><strong>extranea,</strong></span> <span class='ocrx_word' id='word_1_301' title='bbox 3466 2217 3581 2272; x_wconf 84' lang='lat' dir='ltr'><strong>sine</strong></span> 
     </span>
    </p>
   </div>
   <div class='ocr_carea' id='block_1_50' title="bbox 1999 2300 3581 2364">
    <p class='ocr_par' dir='ltr' id='par_1_50' title="bbox 1999 2300 3581 2364">
     <span class='ocr_line' id='line_1_50' title="bbox 1999 2300 3581 2364; baseline 0.004 -9"><span class='ocrx_word' id='word_1_302' title='bbox 1999 2316 2156 2355; x_wconf 72' lang='lat' dir='ltr'><strong>causa</strong></span> <span class='ocrx_word' id='word_1_303' title='bbox 2202 2301 2369 2355; x_wconf 58' lang='lat' dir='ltr'><strong>Filius</strong></span> <span class='ocrx_word' id='word_1_304' title='bbox 2421 2300 2536 2364; x_wconf 88' lang='lat' dir='ltr'><strong>Dei,</strong></span> <span class='ocrx_word' id='word_1_305' title='bbox 2588 2301 2746 2354; x_wconf 86' lang='lat' dir='ltr'><strong>etiam</strong></span> <span class='ocrx_word' id='word_1_306' title='bbox 2779 2301 2917 2355; x_wconf 88' lang='lat' dir='ltr'><strong>ﬁlius</strong></span> <span class='ocrx_word' id='word_1_307' title='bbox 2961 2304 3191 2358; x_wconf 86' lang='lat' dir='ltr'><strong>hominis</strong></span> <span class='ocrx_word' id='word_1_308' title='bbox 3226 2305 3398 2361; x_wconf 84' lang='lat' dir='ltr'><strong>factus</strong></span> <span class='ocrx_word' id='word_1_309' title='bbox 3437 2323 3581 2362; x_wconf 87' lang='lat' dir='ltr'><strong>asse-</strong></span> 
     </span>
    </p>
   </div>
   <div class='ocr_carea' id='block_1_51' title="bbox 2002 2393 3580 2466">
    <p class='ocr_par' dir='ltr' id='par_1_51' title="bbox 2002 2393 3580 2466">
     <span class='ocr_line' id='line_1_51' title="bbox 2002 2393 3580 2466; baseline 0.003 -18"><span class='ocrx_word' id='word_1_310' title='bbox 2002 2393 2154 2448; x_wconf 91' lang='lat' dir='ltr'><strong>ritur.</strong></span> <span class='ocrx_word' id='word_1_311' title='bbox 2182 2395 2463 2460; x_wconf 83' lang='lat' dir='ltr'><strong>Quomodo</strong></span> <span class='ocrx_word' id='word_1_312' title='bbox 2491 2393 2631 2447; x_wconf 84' lang='lat' dir='ltr'><strong>enim</strong></span> <span class='ocrx_word' id='word_1_313' title='bbox 2662 2395 2975 2449; x_wconf 87' lang='lat' dir='ltr'><strong>naturaliter</strong></span> <span class='ocrx_word' id='word_1_314' title='bbox 3015 2395 3157 2451; x_wconf 89' lang='lat' dir='ltr'><strong>ﬁlius</strong></span> <span class='ocrx_word' id='word_1_315' title='bbox 3199 2407 3280 2451; x_wconf 92' lang='lat' dir='ltr'><strong>est</strong></span> <span class='ocrx_word' id='word_1_316' title='bbox 3326 2397 3580 2466; x_wconf 87' lang='lat' dir='ltr'><strong>hominis,</strong></span> 
     </span>
    </p>
   </div>
   <div class='ocr_carea' id='block_1_52' title="bbox 2000 2485 3582 2554">
    <p class='ocr_par' dir='ltr' id='par_1_52' title="bbox 2000 2485 3582 2554">
     <span class='ocr_line' id='line_1_52' title="bbox 2000 2485 3582 2554; baseline 0.004 -17"><span class='ocrx_word' id='word_1_317' title='bbox 2000 2486 2086 2554; x_wconf 90' lang='lat' dir='ltr'><strong>qui</strong></span> <span class='ocrx_word' id='word_1_318' title='bbox 2109 2486 2368 2552; x_wconf 87' lang='lat' dir='ltr'><strong>originem</strong></span> <span class='ocrx_word' id='word_1_319' title='bbox 2418 2501 2522 2539; x_wconf 93' lang='lat' dir='ltr'><strong>non</strong></span> <span class='ocrx_word' id='word_1_320' title='bbox 2571 2485 2731 2540; x_wconf 90' lang='lat' dir='ltr'><strong>habet</strong></span> <span class='ocrx_word' id='word_1_321' title='bbox 2759 2503 2824 2542; x_wconf 70' lang='lat' dir='ltr'><strong>ex</strong></span> <span class='ocrx_word' id='word_1_322' title='bbox 2882 2487 3142 2542; x_wconf 78' lang='lat' dir='ltr'><strong>homine?</strong></span> <span class='ocrx_word' id='word_1_323' title='bbox 3193 2487 3401 2542; x_wconf 87' lang='lat' dir='ltr'><strong>Nullattt</strong></span> <span class='ocrx_word' id='word_1_324' title='bbox 3455 2505 3582 2544; x_wconf 84' lang='lat' dir='ltr'><strong>vero</strong></span> 
     </span>
    </p>
   </div>
   <div class='ocr_carea' id='block_1_53' title="bbox 2000 2575 3584 2648">
    <p class='ocr_par' dir='ltr' id='par_1_53' title="bbox 2000 2575 3584 2648">
     <span class='ocr_line' id='line_1_53' title="bbox 2000 2575 3584 2648; baseline 0.002 -17"><span class='ocrx_word' id='word_1_325' title='bbox 2000 2577 2260 2645; x_wconf 85' lang='lat' dir='ltr'><strong>Origiuetn</strong></span> <span class='ocrx_word' id='word_1_326' title='bbox 2309 2575 2468 2630; x_wconf 82' lang='lat' dir='ltr'><strong>habet</strong></span> <span class='ocrx_word' id='word_1_327' title='bbox 2498 2591 2562 2630; x_wconf 83' lang='lat' dir='ltr'><strong>ex</strong></span> <span class='ocrx_word' id='word_1_328' title='bbox 2616 2576 2855 2642; x_wconf 91' lang='lat' dir='ltr'><strong>homine,</strong></span> <span class='ocrx_word' id='word_1_329' title='bbox 2905 2577 2951 2632; x_wconf 87' lang='lat' dir='ltr'><strong>si</strong></span> <span class='ocrx_word' id='word_1_330' title='bbox 2995 2591 3287 2648; x_wconf 87' lang='lat' dir='ltr'><strong>conceptus</strong></span> <span class='ocrx_word' id='word_1_331' title='bbox 3334 2581 3384 2634; x_wconf 90' lang='lat' dir='ltr'><strong>in</strong></span> <span class='ocrx_word' id='word_1_332' title='bbox 3431 2591 3584 2634; x_wconf 87' lang='lat' dir='ltr'><strong>utero</strong></span> 
     </span>
    </p>
   </div>
   <div class='ocr_carea' id='block_1_54' title="bbox 2001 2670 3574 2739">
    <p class='ocr_par' dir='ltr' id='par_1_54' title="bbox 2001 2670 3574 2739">
     <span class='ocr_line' id='line_1_54' title="bbox 2001 2670 3574 2739; baseline 0.003 -16"><span class='ocrx_word' id='word_1_333' title='bbox 2001 2670 2245 2739; x_wconf 74' lang='lat' dir='ltr'><strong>virginali</strong></span> <span class='ocrx_word' id='word_1_334' title='bbox 2291 2686 2504 2725; x_wconf 75' lang='lat' dir='ltr'><strong>crrnem</strong></span> <span class='ocrx_word' id='word_1_335' title='bbox 2538 2685 2642 2724; x_wconf 91' lang='lat' dir='ltr'><strong>n0n</strong></span> <span class='ocrx_word' id='word_1_336' title='bbox 2673 2672 2834 2723; x_wconf 80' lang='lat' dir='ltr'><strong>traxit</strong></span> <span class='ocrx_word' id='word_1_337' title='bbox 2874 2687 2937 2725; x_wconf 73' lang='lat' dir='ltr'><strong>ev</strong></span> <span class='ocrx_word' id='word_1_338' title='bbox 2970 2673 3170 2726; x_wconf 73' lang='lat' dir='ltr'><strong>ctrne?</strong></span> <span class='ocrx_word' id='word_1_339' title='bbox 3200 2670 3422 2727; x_wconf 83' lang='lat' dir='ltr'><strong>Constat</strong></span> <span class='ocrx_word' id='word_1_340' title='bbox 3451 2689 3574 2728; x_wconf 89' lang='lat' dir='ltr'><strong>eum</strong></span> 
     </span>
    </p>
   </div>
   <div class='ocr_carea' id='block_1_55' title="bbox 2002 2761 3582 2831">
    <p class='ocr_par' dir='ltr' id='par_1_55' title="bbox 2002 2761 3582 2831">
     <span class='ocr_line' id='line_1_55' title="bbox 2002 2761 3582 2831; baseline 0.004 -17"><span class='ocrx_word' id='word_1_341' title='bbox 2002 2761 2117 2815; x_wconf 90' lang='lat' dir='ltr'><strong>sine</strong></span> <span class='ocrx_word' id='word_1_342' title='bbox 2147 2762 2350 2815; x_wconf 84' lang='lat' dir='ltr'><strong>semine</strong></span> <span class='ocrx_word' id='word_1_343' title='bbox 2381 2761 2542 2830; x_wconf 85' lang='lat' dir='ltr'><strong>patris</strong></span> <span class='ocrx_word' id='word_1_344' title='bbox 2570 2774 2805 2817; x_wconf 87' lang='lat' dir='ltr'><strong>materna</strong></span> <span class='ocrx_word' id='word_1_345' title='bbox 2837 2763 3042 2818; x_wconf 87' lang='lat' dir='ltr'><strong>viscera</strong></span> <span class='ocrx_word' id='word_1_346' title='bbox 3088 2764 3435 2831; x_wconf 72' lang='lat' dir='ltr'><strong>fecumlasse;</strong></span> <span class='ocrx_word' id='word_1_347' title='bbox 3485 2766 3582 2820; x_wconf 83' lang='lat' dir='ltr'><strong>sed</strong></span> 
     </span>
    </p>
   </div>
   <div class='ocr_carea' id='block_1_56' title="bbox 2003 2853 3584 2928">
    <p class='ocr_par' dir='ltr' id='par_1_56' title="bbox 2003 2853 3584 2928">
     <span class='ocr_line' id='line_1_56' title="bbox 2003 2853 3584 2928; baseline 0.003 -20"><span class='ocrx_word' id='word_1_348' title='bbox 2003 2856 2173 2927; x_wconf 83' lang='lat' dir='ltr'><strong>qualis</strong></span> <span class='ocrx_word' id='word_1_349' title='bbox 2201 2857 2304 2909; x_wconf 92' lang='lat' dir='ltr'><strong>erit</strong></span> <span class='ocrx_word' id='word_1_350' title='bbox 2346 2855 2526 2908; x_wconf 71' lang='lat' dir='ltr'><strong>Maria:</strong></span> <span class='ocrx_word' id='word_1_351' title='bbox 2559 2853 2875 2918; x_wconf 67' lang='lat' dir='ltr'><strong>fecunditas,</strong></span> <span class='ocrx_word' id='word_1_352' title='bbox 2919 2855 2965 2909; x_wconf 87' lang='lat' dir='ltr'><strong>si</strong></span> <span class='ocrx_word' id='word_1_353' title='bbox 3014 2872 3116 2911; x_wconf 88' lang='lat' dir='ltr'><strong>non</strong></span> <span class='ocrx_word' id='word_1_354' title='bbox 3150 2858 3220 2910; x_wconf 92' lang='lat' dir='ltr'><strong>sit</strong></span> <span class='ocrx_word' id='word_1_355' title='bbox 3250 2873 3312 2912; x_wconf 75' lang='lat' dir='ltr'><strong>ex</strong></span> <span class='ocrx_word' id='word_1_356' title='bbox 3345 2858 3431 2912; x_wconf 90' lang='lat' dir='ltr'><strong>illa</strong></span> <span class='ocrx_word' id='word_1_357' title='bbox 3466 2874 3584 2928; x_wconf 65' lang='lat' dir='ltr'><strong>quas</strong></span> 
     </span>
    </p>
   </div>
   <div class='ocr_carea' id='block_1_57' title="bbox 2005 2945 3583 3018">
    <p class='ocr_par' dir='ltr' id='par_1_57' title="bbox 2005 2945 3583 3018">
     <span class='ocr_line' id='line_1_57' title="bbox 2005 2945 3583 3018; baseline 0.001 -15"><span class='ocrx_word' id='word_1_358' title='bbox 2005 2967 2098 3016; x_wconf 87' lang='lat' dir='ltr'><strong>per</strong></span> <span class='ocrx_word' id='word_1_359' title='bbox 2140 2963 2258 3004; x_wconf 88' lang='lat' dir='ltr'><strong>eam</strong></span> <span class='ocrx_word' id='word_1_360' title='bbox 2292 2947 2528 3001; x_wconf 67' lang='lat' dir='ltr'><strong>nascitur</strong></span> <span class='ocrx_word' id='word_1_361' title='bbox 2571 2946 2734 3001; x_wconf 70' lang='lat' dir='ltr'><strong>caro?</strong></span> <span class='ocrx_word' id='word_1_362' title='bbox 2775 2945 2988 3000; x_wconf 79' lang='lat' dir='ltr'><strong>Verbum</strong></span> <span class='ocrx_word' id='word_1_363' title='bbox 3034 2963 3154 3001; x_wconf 86' lang='lat' dir='ltr'><strong>caro</strong></span> <span class='ocrx_word' id='word_1_364' title='bbox 3184 2952 3372 3016; x_wconf 78' lang='lat' dir='ltr'><strong>factum</strong></span> <span class='ocrx_word' id='word_1_365' title='bbox 3412 2958 3508 3018; x_wconf 72' lang='lat' dir='ltr'><strong>est,</strong></span> <span class='ocrx_word' id='word_1_366' title='bbox 3537 2961 3583 3005; x_wconf 83' lang='lat' dir='ltr'><strong>et</strong></span> 
     </span>
    </p>
   </div>
   <div class='ocr_carea' id='block_1_58' title="bbox 2002 3036 3573 3110">
    <p class='ocr_par' dir='ltr' id='par_1_58' title="bbox 2002 3036 3573 3110">
     <span class='ocr_line' id='line_1_58' title="bbox 2002 3036 3573 3110; baseline 0 -17"><span class='ocrx_word' id='word_1_367' title='bbox 2002 3040 2245 3095; x_wconf 80' lang='lat' dir='ltr'><strong>habitavit</strong></span> <span class='ocrx_word' id='word_1_368' title='bbox 2271 3039 2322 3092; x_wconf 87' lang='lat' dir='ltr'><strong>iu</strong></span> <span class='ocrx_word' id='word_1_369' title='bbox 2348 3039 2510 3104; x_wconf 79' lang='lat' dir='ltr'><strong>nobis,</strong></span> <span class='ocrx_word' id='word_1_370' title='bbox 2563 3037 2794 3092; x_wconf 57' lang='lat' dir='ltr'><strong>Jriannes</strong></span> <span class='ocrx_word' id='word_1_371' title='bbox 2821 3036 2948 3090; x_wconf 88' lang='lat' dir='ltr'><strong>dicit</strong></span> <span class='ocrx_word' id='word_1_372' title='bbox 2980 3039 3304 3108; x_wconf 84' lang='lat' dir='ltr'><strong>evangelista</strong></span> <span class='ocrx_word' id='word_1_373' title='bbox 3346 3038 3496 3110; x_wconf 80' lang='lat' dir='ltr'><strong>(Cap.</strong></span> <span class='ocrx_word' id='word_1_374' title='bbox 3532 3055 3573 3105; x_wconf 88' lang='lat' dir='ltr'><strong>t,</strong></span> 
     </span>
    </p>
   </div>
   <div class='ocr_carea' id='block_1_59' title="bbox 2003 3131 3585 3204">
    <p class='ocr_par' dir='ltr' id='par_1_59' title="bbox 2003 3131 3585 3204">
     <span class='ocr_line' id='line_1_59' title="bbox 2003 3131 3585 3204; baseline -0.003 -14"><span class='ocrx_word' id='word_1_375' title='bbox 2003 3153 2052 3190; x_wconf 70' lang='lat' dir='ltr'><strong>tt.</strong></span> <span class='ocrx_word' id='word_1_376' title='bbox 2090 3135 2196 3204; x_wconf 77' lang='grc' dir='ltr'><strong>Η).</strong></span> <span class='ocrx_word' id='word_1_377' title='bbox 2223 3133 2430 3201; x_wconf 71' lang='lat' dir='ltr'><strong>Quaaris</strong></span> <span class='ocrx_word' id='word_1_378' title='bbox 2455 3131 2597 3186; x_wconf 91' lang='lat' dir='ltr'><strong>unde</strong></span> <span class='ocrx_word' id='word_1_379' title='bbox 2630 3131 2822 3187; x_wconf 86' lang='lat' dir='ltr'><strong>factum</strong></span> <span class='ocrx_word' id='word_1_380' title='bbox 2854 3139 2935 3184; x_wconf 91' lang='lat' dir='ltr'><strong>cst</strong></span> <span class='ocrx_word' id='word_1_381' title='bbox 2964 3131 3124 3184; x_wconf 85' lang='lat' dir='ltr'><strong>caro?</strong></span> <span class='ocrx_word' id='word_1_382' title='bbox 3169 3132 3361 3187; x_wconf 83' lang='lat' dir='ltr'><strong>Beatus</strong></span> <span class='ocrx_word' id='word_1_383' title='bbox 3393 3133 3585 3186; x_wconf 81' lang='lat' dir='ltr'><strong>Paulus</strong></span> 
     </span>
    </p>
   </div>
   <div class='ocr_carea' id='block_1_60' title="bbox 317 3194 1899 3298">
    <p class='ocr_par' dir='ltr' id='par_1_60' title="bbox 317 3204 1899 3276">
     <span class='ocr_line' id='line_1_60' title="bbox 317 3204 1899 3276; baseline -0.003 -14"><span class='ocrx_word' id='word_1_384' title='bbox 317 3207 452 3262; x_wconf 89' lang='lat' dir='ltr'><strong>tium</strong></span> <span class='ocrx_word' id='word_1_385' title='bbox 498 3207 836 3261; x_wconf 86' lang='lat' dir='ltr'><strong>sacerdotum</strong></span> <span class='ocrx_word' id='word_1_386' title='bbox 887 3207 1152 3276; x_wconf 89' lang='lat' dir='ltr'><strong>percussit</strong></span> <span class='ocrx_word' id='word_1_387' title='bbox 1211 3205 1535 3260; x_wconf 88' lang='lat' dir='ltr'><strong>auctoritas:</strong></span> <span class='ocrx_word' id='word_1_388' title='bbox 1587 3204 1710 3276; x_wconf 91' lang='lat' dir='ltr'><strong>quid</strong></span> <span class='ocrx_word' id='word_1_389' title='bbox 1763 3219 1899 3274; x_wconf 89' lang='lat' dir='ltr'><strong>opus</strong></span> 
     </span>
    </p>
   </div>
   <div class='ocr_carea' id='block_1_61' title="bbox 2004 3194 3590 3298">
    <p class='ocr_par' dir='ltr' id='par_1_61' title="bbox 2009 3194 3590 3298">
     <span class='ocr_line' id='line_1_61' title="bbox 2009 3194 3590 3298; baseline -0.006 -15"><span class='ocrx_word' id='word_1_390' title='bbox 2009 3194 2336 3298; x_wconf 74' lang='lat' dir='ltr'><strong>inquisitioni</strong></span> <span class='ocrx_word' id='word_1_391' title='bbox 2386 3234 2488 3280; x_wconf 67' lang='lat' dir='ltr'><strong>tua:</strong></span> <span class='ocrx_word' id='word_1_392' title='bbox 2531 3207 3220 3293; x_wconf 59' lang='lat' dir='ltr'><strong>respondeat:&#39;Pouquaiu</strong></span> <span class='ocrx_word' id='word_1_393' title='bbox 3261 3224 3391 3276; x_wconf 60' lang='lat' dir='ltr'><strong>venit</strong></span> <span class='ocrx_word' id='word_1_394' title='bbox 3421 3222 3590 3292; x_wconf 78' lang='lat' dir='ltr'><strong>pleni-</strong></span> 
     </span>
    </p>
   </div>
   <div class='ocr_carea' id='block_1_62' title="bbox 315 3296 1900 3368">
    <p class='ocr_par' dir='ltr' id='par_1_62' title="bbox 315 3296 1900 3368">
     <span class='ocr_line' id='line_1_62' title="bbox 315 3296 1900 3368; baseline -0.001 -16"><span class='ocrx_word' id='word_1_395' title='bbox 315 3309 402 3352; x_wconf 86' lang='lat' dir='ltr'><strong>est</strong></span> <span class='ocrx_word' id='word_1_396' title='bbox 429 3299 623 3353; x_wconf 86' lang='lat' dir='ltr'><strong>iterum</strong></span> <span class='ocrx_word' id='word_1_397' title='bbox 668 3297 897 3352; x_wconf 87' lang='lat' dir='ltr'><strong>cadaver</strong></span> <span class='ocrx_word' id='word_1_398' title='bbox 936 3299 1184 3352; x_wconf 78' lang='lat' dir='ltr'><strong>exatiime</strong></span> <span class='ocrx_word' id='word_1_399' title='bbox 1216 3298 1392 3368; x_wconf 88' lang='lat' dir='ltr'><strong>gladio</strong></span> <span class='ocrx_word' id='word_1_400' title='bbox 1431 3296 1672 3350; x_wconf 88' lang='lat' dir='ltr'><strong>veritatis</strong></span> <span class='ocrx_word' id='word_1_401' title='bbox 1703 3297 1850 3351; x_wconf 86' lang='lat' dir='ltr'><strong>infici</strong></span> <span class='ocrx_word' id='word_1_402' title='bbox 1877 3297 1900 3350; x_wconf 83' lang='lat'><strong>?</strong></span> 
     </span>
    </p>
   </div>
   <div class='ocr_carea' id='block_1_63' title="bbox 317 3387 1902 3458">
    <p class='ocr_par' dir='ltr' id='par_1_63' title="bbox 317 3387 1902 3458">
     <span class='ocr_line' id='line_1_63' title="bbox 317 3387 1902 3458; baseline -0.002 -13"><span class='ocrx_word' id='word_1_403' title='bbox 317 3391 626 3445; x_wconf 87' lang='lat' dir='ltr'><strong>Doctrinam</strong></span> <span class='ocrx_word' id='word_1_404' title='bbox 657 3391 814 3444; x_wconf 86' lang='lat' dir='ltr'><strong>simul</strong></span> <span class='ocrx_word' id='word_1_405' title='bbox 846 3401 1118 3445; x_wconf 81' lang='lat' dir='ltr'><strong>carentem</strong></span> <span class='ocrx_word' id='word_1_406' title='bbox 1156 3391 1358 3445; x_wconf 87' lang='lat' dir='ltr'><strong>lumine</strong></span> <span class='ocrx_word' id='word_1_407' title='bbox 1400 3404 1456 3443; x_wconf 89' lang='lat' dir='ltr'><strong>ra</strong></span> <span class='ocrx_word' id='word_1_408' title='bbox 1486 3389 1623 3444; x_wconf 90' lang='lat' dir='ltr'><strong>iouis</strong></span> <span class='ocrx_word' id='word_1_409' title='bbox 1656 3387 1902 3458; x_wconf 87' lang='lat' dir='ltr'><strong>perpetui</strong></span> 
     </span>
    </p>
   </div>
   <div class='ocr_carea' id='block_1_64' title="bbox 319 3479 1904 3551">
    <p class='ocr_par' dir='ltr' id='par_1_64' title="bbox 319 3479 1904 3551">
     <span class='ocr_line' id='line_1_64' title="bbox 319 3479 1904 3551; baseline -0.002 -16"><span class='ocrx_word' id='word_1_410' title='bbox 319 3483 520 3536; x_wconf 87' lang='lat' dir='ltr'><strong>silentii</strong></span> <span class='ocrx_word' id='word_1_411' title='bbox 576 3497 762 3536; x_wconf 89' lang='lat' dir='ltr'><strong>carcer</strong></span> <span class='ocrx_word' id='word_1_412' title='bbox 813 3481 1126 3536; x_wconf 89' lang='lat' dir='ltr'><strong>abscondat.</strong></span> <span class='ocrx_word' id='word_1_413' title='bbox 1173 3481 1442 3536; x_wconf 89' lang='lat' dir='ltr'><strong>lnterdmu</strong></span> <span class='ocrx_word' id='word_1_414' title='bbox 1495 3480 1723 3550; x_wconf 89' lang='lat' dir='ltr'><strong>pessima</strong></span> <span class='ocrx_word' id='word_1_415' title='bbox 1771 3479 1904 3551; x_wconf 86' lang='lat' dir='ltr'><strong>dog-</strong></span> 
     </span>
    </p>
   </div>
   <div class='ocr_carea' id='block_1_65' title="bbox 318 3570 1903 3644">
    <p class='ocr_par' dir='ltr' id='par_1_65' title="bbox 318 3570 1903 3644">
     <span class='ocr_line' id='line_1_65' title="bbox 318 3570 1903 3644; baseline -0.001 -17"><span class='ocrx_word' id='word_1_416' title='bbox 318 3582 495 3635; x_wconf 87' lang='lat' dir='ltr'><strong>mata,</strong></span> <span class='ocrx_word' id='word_1_417' title='bbox 529 3575 654 3626; x_wconf 88' lang='lat' dir='ltr'><strong>dum</strong></span> <span class='ocrx_word' id='word_1_418' title='bbox 707 3573 857 3642; x_wconf 89' lang='lat' dir='ltr'><strong>quasi</strong></span> <span class='ocrx_word' id='word_1_419' title='bbox 895 3573 1247 3644; x_wconf 50' lang='lat' dir='ltr'><strong>expugnanda</strong></span> <span class='ocrx_word' id='word_1_420' title='bbox 1297 3570 1661 3641; x_wconf 88' lang='lat' dir='ltr'><strong>proferuntur,</strong></span> <span class='ocrx_word' id='word_1_421' title='bbox 1691 3584 1903 3626; x_wconf 82' lang='lat' dir='ltr'><strong>veneno</strong></span> 
     </span>
    </p>
   </div>
   <div class='ocr_carea' id='block_1_66' title="bbox 313 3664 1901 3736">
    <p class='ocr_par' dir='ltr' id='par_1_66' title="bbox 313 3664 1901 3736">
     <span class='ocr_line' id='line_1_66' title="bbox 313 3664 1901 3736; baseline -0.001 -17"><span class='ocrx_word' id='word_1_422' title='bbox 313 3666 578 3736; x_wconf 82' lang='lat' dir='ltr'><strong>pestifero</strong></span> <span class='ocrx_word' id='word_1_423' title='bbox 617 3665 942 3733; x_wconf 87' lang='lat' dir='ltr'><strong>simplicium</strong></span> <span class='ocrx_word' id='word_1_424' title='bbox 1002 3666 1164 3720; x_wconf 90' lang='lat' dir='ltr'><strong>corda</strong></span> <span class='ocrx_word' id='word_1_425' title='bbox 1210 3665 1547 3733; x_wconf 85' lang='lat' dir='ltr'><strong>perturbant.</strong></span> <span class='ocrx_word' id='word_1_426' title='bbox 1593 3664 1774 3718; x_wconf 88' lang='lat' dir='ltr'><strong>Satius</strong></span> <span class='ocrx_word' id='word_1_427' title='bbox 1819 3672 1901 3718; x_wconf 88' lang='lat' dir='ltr'><strong>est</strong></span> 
     </span>
    </p>
   </div>
   <div class='ocr_carea' id='block_1_67' title="bbox 316 3755 1902 3827">
    <p class='ocr_par' dir='ltr' id='par_1_67' title="bbox 316 3755 1902 3827">
     <span class='ocr_line' id='line_1_67' title="bbox 316 3755 1902 3827; baseline -0.002 -14"><span class='ocrx_word' id='word_1_428' title='bbox 316 3760 421 3813; x_wconf 88' lang='lat' dir='ltr'><strong>ista</strong></span> <span class='ocrx_word' id='word_1_429' title='bbox 454 3759 684 3824; x_wconf 88' lang='lat' dir='ltr'><strong>nescire,</strong></span> <span class='ocrx_word' id='word_1_430' title='bbox 711 3758 979 3825; x_wconf 87' lang='lat' dir='ltr'><strong>ﬁdemque</strong></span> <span class='ocrx_word' id='word_1_431' title='bbox 1001 3758 1322 3812; x_wconf 90' lang='lat' dir='ltr'><strong>catholicam</strong></span> <span class='ocrx_word' id='word_1_432' title='bbox 1358 3757 1634 3827; x_wconf 84' lang='lat' dir='ltr'><strong>supplosis</strong></span> <span class='ocrx_word' id='word_1_433' title='bbox 1663 3755 1902 3824; x_wconf 61' lang='lat' dir='ltr'><strong>profanis</strong></span> 
     </span>
    </p>
   </div>
   <div class='ocr_carea' id='block_1_68' title="bbox 316 3849 1899 3904">
    <p class='ocr_par' dir='ltr' id='par_1_68' title="bbox 316 3849 1899 3904">
     <span class='ocr_line' id='line_1_68' title="bbox 316 3849 1899 3904; baseline 0 -2"><span class='ocrx_word' id='word_1_434' title='bbox 316 3850 648 3903; x_wconf 84' lang='lat' dir='ltr'><strong>novitatibus</strong></span> <span class='ocrx_word' id='word_1_435' title='bbox 699 3849 1064 3904; x_wconf 87' lang='lat' dir='ltr'><strong>inviolabilem</strong></span> <span class='ocrx_word' id='word_1_436' title='bbox 1104 3850 1375 3904; x_wconf 90' lang='lat' dir='ltr'><strong>custodire</strong></span> <span class='ocrx_word' id='word_1_437' title='bbox 1409 3868 1422 3904; x_wconf 91' lang='lat'><strong>:</strong></span> <span class='ocrx_word' id='word_1_438' title='bbox 1469 3849 1811 3904; x_wconf 87' lang='lat' dir='ltr'><strong>manentibus</strong></span> <span class='ocrx_word' id='word_1_439' title='bbox 1848 3849 1899 3902; x_wconf 93' lang='lat' dir='ltr'><strong>in</strong></span> 
     </span>
    </p>
   </div>
   <div class='ocr_carea' id='block_1_69' title="bbox 316 3941 1899 4013">
    <p class='ocr_par' dir='ltr' id='par_1_69' title="bbox 316 3941 1899 4013">
     <span class='ocr_line' id='line_1_69' title="bbox 316 3941 1899 4013; baseline 0.001 -19"><span class='ocrx_word' id='word_1_440' title='bbox 316 3941 540 4010; x_wconf 84' lang='lat' dir='ltr'><strong>pristina</strong></span> <span class='ocrx_word' id='word_1_441' title='bbox 576 3941 824 3997; x_wconf 87' lang='lat' dir='ltr'><strong>ﬁrmitate</strong></span> <span class='ocrx_word' id='word_1_442' title='bbox 855 3958 972 4012; x_wconf 73' lang='lat' dir='ltr'><strong>qua:</strong></span> <span class='ocrx_word' id='word_1_443' title='bbox 995 3952 1116 3998; x_wconf 91' lang='lat' dir='ltr'><strong>sunt</strong></span> <span class='ocrx_word' id='word_1_444' title='bbox 1155 3946 1321 3996; x_wconf 85' lang='lat' dir='ltr'><strong>etiam</strong></span> <span class='ocrx_word' id='word_1_445' title='bbox 1358 3941 1710 4013; x_wconf 75' lang='lat' dir='ltr'><strong>synodalibus</strong></span> <span class='ocrx_word' id='word_1_446' title='bbox 1735 3941 1899 3995; x_wconf 84' lang='lat' dir='ltr'><strong>robo-</strong></span> 
     </span>
    </p>
   </div>
   <div class='ocr_carea' id='block_1_70' title="bbox 315 4033 1900 4106">
    <p class='ocr_par' dir='ltr' id='par_1_70' title="bbox 315 4033 1900 4106">
     <span class='ocr_line' id='line_1_70' title="bbox 315 4033 1900 4106; baseline -0.001 -19"><span class='ocrx_word' id='word_1_447' title='bbox 315 4043 429 4087; x_wconf 87' lang='lat' dir='ltr'><strong>rata</strong></span> <span class='ocrx_word' id='word_1_448' title='bbox 470 4033 892 4089; x_wconf 71' lang='lat' dir='ltr'><strong>deﬁnitionibus.</strong></span> <span class='ocrx_word' id='word_1_449' title='bbox 925 4037 1028 4090; x_wconf 85' lang='lat' dir='ltr'><strong>Aut</strong></span> <span class='ocrx_word' id='word_1_450' title='bbox 1060 4035 1104 4090; x_wconf 93' lang='lat' dir='ltr'><strong>si</strong></span> <span class='ocrx_word' id='word_1_451' title='bbox 1139 4037 1307 4106; x_wconf 87' lang='lat' dir='ltr'><strong>magis</strong></span> <span class='ocrx_word' id='word_1_452' title='bbox 1339 4033 1702 4088; x_wconf 89' lang='lat' dir='ltr'><strong>uecessarimu</strong></span> <span class='ocrx_word' id='word_1_453' title='bbox 1747 4042 1900 4098; x_wconf 86' lang='lat' dir='ltr'><strong>putas</strong></span> 
     </span>
    </p>
   </div>
   <div class='ocr_carea' id='block_1_71' title="bbox 315 4125 1899 4197">
    <p class='ocr_par' dir='ltr' id='par_1_71' title="bbox 315 4125 1899 4197">
     <span class='ocr_line' id='line_1_71' title="bbox 315 4125 1899 4197; baseline -0.002 -15"><span class='ocrx_word' id='word_1_454' title='bbox 315 4127 693 4182; x_wconf 69' lang='lat' dir='ltr'><strong>hmreticoruin</strong></span> <span class='ocrx_word' id='word_1_455' title='bbox 765 4127 1044 4182; x_wconf 88' lang='lat' dir='ltr'><strong>mendacia</strong></span> <span class='ocrx_word' id='word_1_456' title='bbox 1111 4143 1326 4197; x_wconf 87' lang='lat' dir='ltr'><strong>semper</strong></span> <span class='ocrx_word' id='word_1_457' title='bbox 1383 4126 1604 4190; x_wconf 81' lang='lat' dir='ltr'><strong>refelli,</strong></span> <span class='ocrx_word' id='word_1_458' title='bbox 1665 4125 1899 4194; x_wconf 84' lang='lat' dir='ltr'><strong>linguam</strong></span> 
     </span>
    </p>
   </div>
   <div class='ocr_carea' id='block_1_72' title="bbox 316 4219 1902 4288">
    <p class='ocr_par' dir='ltr' id='par_1_72' title="bbox 316 4219 1902 4288">
     <span class='ocr_line' id='line_1_72' title="bbox 316 4219 1902 4288; baseline -0.001 -16"><span class='ocrx_word' id='word_1_459' title='bbox 316 4233 492 4272; x_wconf 86' lang='lat' dir='ltr'><strong>meam</strong></span> <span class='ocrx_word' id='word_1_460' title='bbox 522 4219 780 4288; x_wconf 83' lang='lat' dir='ltr'><strong>jussionis</strong></span> <span class='ocrx_word' id='word_1_461' title='bbox 808 4230 910 4273; x_wconf 71' lang='lat' dir='ltr'><strong>tuae</strong></span> <span class='ocrx_word' id='word_1_462' title='bbox 940 4221 1185 4274; x_wconf 85' lang='lat' dir='ltr'><strong>clavibus</strong></span> <span class='ocrx_word' id='word_1_463' title='bbox 1208 4221 1354 4286; x_wconf 86' lang='lat' dir='ltr'><strong>aperi</strong></span> <span class='ocrx_word' id='word_1_464' title='bbox 1381 4237 1392 4272; x_wconf 86' lang='lat'>:</span> <span class='ocrx_word' id='word_1_465' title='bbox 1415 4219 1700 4282; x_wconf 70' lang='lat' dir='ltr'><strong>fe~tinabo,</strong></span> <span class='ocrx_word' id='word_1_466' title='bbox 1731 4232 1902 4286; x_wconf 83' lang='lat' dir='ltr'><strong>quan-</strong></span> 
     </span>
    </p>
   </div>
   <div class='ocr_carea' id='block_1_73' title="bbox 318 4311 1900 4383">
    <p class='ocr_par' dir='ltr' id='par_1_73' title="bbox 318 4311 1900 4383">
     <span class='ocr_line' id='line_1_73' title="bbox 318 4311 1900 4383; baseline -0.001 -16"><span class='ocrx_word' id='word_1_467' title='bbox 318 4321 430 4367; x_wconf 92' lang='lat' dir='ltr'><strong>tum</strong></span> <span class='ocrx_word' id='word_1_468' title='bbox 461 4313 627 4383; x_wconf 88' lang='lat' dir='ltr'><strong>gratia</strong></span> <span class='ocrx_word' id='word_1_469' title='bbox 662 4327 820 4380; x_wconf 86' lang='lat' dir='ltr'><strong>posse</strong></span> <span class='ocrx_word' id='word_1_470' title='bbox 849 4312 1153 4378; x_wconf 86' lang='lat' dir='ltr'><strong>donaverit,</strong></span> <span class='ocrx_word' id='word_1_471' title='bbox 1194 4312 1415 4365; x_wconf 81' lang='lat' dir='ltr'><strong>obedire</strong></span> <span class='ocrx_word' id='word_1_472' title='bbox 1447 4312 1683 4365; x_wconf 89' lang='lat' dir='ltr'><strong>suaviter</strong></span> <span class='ocrx_word' id='word_1_473' title='bbox 1730 4311 1900 4380; x_wconf 85' lang='lat' dir='ltr'><strong>impe-</strong></span> 
     </span>
    </p>
   </div>
   <div class='ocr_carea' id='block_1_74' title="bbox 315 4401 1900 4466">
    <p class='ocr_par' dir='ltr' id='par_1_74' title="bbox 315 4401 1900 4466">
     <span class='ocr_line' id='line_1_74' title="bbox 315 4401 1900 4466; baseline -0.003 -9"><span class='ocrx_word' id='word_1_474' title='bbox 315 4405 482 4458; x_wconf 87' lang='lat' dir='ltr'><strong>ranti.</strong></span> <span class='ocrx_word' id='word_1_475' title='bbox 533 4403 717 4458; x_wconf 68' lang='lat' dir='ltr'><strong>Praebe</strong></span> <span class='ocrx_word' id='word_1_476' title='bbox 753 4402 1034 4457; x_wconf 80' lang='lat' dir='ltr'><strong>dexteram</strong></span> <span class='ocrx_word' id='word_1_477' title='bbox 1082 4401 1207 4456; x_wconf 86' lang='lat' dir='ltr'><strong>boni</strong></span> <span class='ocrx_word' id='word_1_478' title='bbox 1266 4401 1482 4466; x_wconf 82' lang='lat' dir='ltr'><strong>favoris,</strong></span> <span class='ocrx_word' id='word_1_479' title='bbox 1537 4410 1590 4456; x_wconf 90' lang='lat' dir='ltr'><strong>et</strong></span> <span class='ocrx_word' id='word_1_480' title='bbox 1640 4401 1900 4455; x_wconf 88' lang='lat' dir='ltr'><strong>orationis</strong></span> 
     </span>
    </p>
   </div>
   <div class='ocr_carea' id='block_1_75' title="bbox 315 4490 1895 4563">
    <p class='ocr_par' dir='ltr' id='par_1_75' title="bbox 315 4490 1895 4563">
     <span class='ocr_line' id='line_1_75' title="bbox 315 4490 1895 4563; baseline -0.003 -15"><span class='ocrx_word' id='word_1_481' title='bbox 315 4505 471 4548; x_wconf 83' lang='lat' dir='ltr'><strong>scuto</strong></span> <span class='ocrx_word' id='word_1_482' title='bbox 521 4494 717 4548; x_wconf 87' lang='lat' dir='ltr'><strong>nudum</strong></span> <span class='ocrx_word' id='word_1_483' title='bbox 764 4503 1049 4563; x_wconf 85' lang='lat' dir='ltr'><strong>protegens</strong></span> <span class='ocrx_word' id='word_1_484' title='bbox 1093 4502 1299 4561; x_wconf 88' lang='lat' dir='ltr'><strong>pectus,</strong></span> <span class='ocrx_word' id='word_1_485' title='bbox 1359 4493 1412 4545; x_wconf 87' lang='lat' dir='ltr'><strong>in</strong></span> <span class='ocrx_word' id='word_1_486' title='bbox 1445 4507 1692 4560; x_wconf 87' lang='lat' dir='ltr'><strong>campum</strong></span> <span class='ocrx_word' id='word_1_487' title='bbox 1743 4490 1895 4545; x_wconf 84' lang='lat' dir='ltr'><strong>liberi</strong></span> 
     </span>
    </p>
   </div>
   <div class='ocr_carea' id='block_1_76' title="bbox 314 4575 1983 4653">
    <p class='ocr_par' dir='ltr' id='par_1_76' title="bbox 314 4575 1983 4653">
     <span class='ocr_line' id='line_1_76' title="bbox 314 4575 1983 4653; baseline -0.002 -14"><span class='ocrx_word' id='word_1_488' title='bbox 314 4585 630 4639; x_wconf 83' lang='lat' dir='ltr'><strong>certaminis</strong></span> <span class='ocrx_word' id='word_1_489' title='bbox 655 4599 888 4646; x_wconf 88' lang='lat' dir='ltr'><strong>mecum,</strong></span> <span class='ocrx_word' id='word_1_490' title='bbox 921 4598 962 4637; x_wconf 79' lang='lat' dir='ltr'><strong>sa</strong></span> <span class='ocrx_word' id='word_1_491' title='bbox 1001 4584 1070 4636; x_wconf 87' lang='lat' dir='ltr'><strong>ita</strong></span> <span class='ocrx_word' id='word_1_492' title='bbox 1116 4583 1310 4653; x_wconf 87' lang='lat' dir='ltr'><strong>placet,</strong></span> <span class='ocrx_word' id='word_1_493' title='bbox 1366 4581 1622 4651; x_wconf 84' lang='lat' dir='ltr'><strong>egredere</strong></span> <span class='ocrx_word' id='word_1_494' title='bbox 1661 4597 1677 4635; x_wconf 88' lang='lat'><strong>:</strong></span> <span class='ocrx_word' id='word_1_495' title='bbox 1712 4592 1898 4636; x_wconf 89' lang='lat' dir='ltr'><strong>contra</strong></span> <span class='ocrx_word' id='word_1_496' title='bbox 1931 4575 1983 4635; x_wconf 89' lang='lat' dir='ltr'><strong>D</strong></span> 
     </span>
    </p>
   </div>
   <div class='ocr_carea' id='block_1_77' title="bbox 316 4673 1903 4747">
    <p class='ocr_par' dir='ltr' id='par_1_77' title="bbox 316 4673 1903 4747">
     <span class='ocr_line' id='line_1_77' title="bbox 316 4673 1903 4747; baseline -0.003 -17"><span class='ocrx_word' id='word_1_497' title='bbox 316 4678 463 4732; x_wconf 80' lang='lat' dir='ltr'><strong>acies</strong></span> <span class='ocrx_word' id='word_1_498' title='bbox 511 4678 724 4747; x_wconf 86' lang='lat' dir='ltr'><strong>impias,</strong></span> <span class='ocrx_word' id='word_1_499' title='bbox 758 4692 944 4731; x_wconf 89' lang='lat' dir='ltr'><strong>eorum</strong></span> <span class='ocrx_word' id='word_1_500' title='bbox 976 4677 1064 4746; x_wconf 92' lang='lat' dir='ltr'><strong>qui</strong></span> <span class='ocrx_word' id='word_1_501' title='bbox 1109 4677 1248 4731; x_wconf 88' lang='lat' dir='ltr'><strong>male</strong></span> <span class='ocrx_word' id='word_1_502' title='bbox 1288 4676 1451 4730; x_wconf 87' lang='lat' dir='ltr'><strong>occisi</strong></span> <span class='ocrx_word' id='word_1_503' title='bbox 1485 4684 1750 4730; x_wconf 84' lang='lat' dir='ltr'><strong>conantur</strong></span> <span class='ocrx_word' id='word_1_504' title='bbox 1798 4673 1903 4727; x_wconf 66' lang='lat' dir='ltr'><strong>ha:-</strong></span> 
     </span>
    </p>
   </div>
   <div class='ocr_carea' id='block_1_78' title="bbox 316 4766 1901 4836">
    <p class='ocr_par' dir='ltr' id='par_1_78' title="bbox 316 4766 1901 4836">
     <span class='ocr_line' id='line_1_78' title="bbox 316 4766 1901 4836; baseline -0.004 -10"><span class='ocrx_word' id='word_1_505' title='bbox 316 4769 595 4826; x_wconf 64' lang='lat' dir='ltr'><strong>rt-ditatem</strong></span> <span class='ocrx_word' id='word_1_506' title='bbox 623 4769 898 4823; x_wconf 87' lang='lat' dir='ltr'><strong>vimlicare</strong></span> <span class='ocrx_word' id='word_1_507' title='bbox 929 4768 1269 4833; x_wconf 66' lang='lat' dir='ltr'><strong>(larunosmn,</strong></span> <span class='ocrx_word' id='word_1_508' title='bbox 1317 4769 1434 4822; x_wconf 88' lang='lat' dir='ltr'><strong>sine</strong></span> <span class='ocrx_word' id='word_1_509' title='bbox 1480 4766 1663 4821; x_wconf 54' lang='lat' dir='ltr'><strong>lah&#39;vre</strong></span> <span class='ocrx_word' id='word_1_510' title='bbox 1697 4781 1901 4836; x_wconf 84' lang='lat' dir='ltr'><strong>pugna-</strong></span> 
     </span>
    </p>
   </div>
   <div class='ocr_carea' id='block_1_79' title="bbox 317 4859 1897 4926">
    <p class='ocr_par' dir='ltr' id='par_1_79' title="bbox 317 4859 1897 4926">
     <span class='ocr_line' id='line_1_79' title="bbox 317 4859 1897 4926; baseline -0.002 -12"><span class='ocrx_word' id='word_1_511' title='bbox 317 4861 480 4914; x_wconf 85' lang='lat' dir='ltr'><strong>bitur.</strong></span> <span class='ocrx_word' id='word_1_512' title='bbox 516 4860 622 4915; x_wconf 70' lang='lat' dir='ltr'><strong>Nec</strong></span> <span class='ocrx_word' id='word_1_513' title='bbox 647 4875 792 4915; x_wconf 89' lang='lat' dir='ltr'><strong>arma</strong></span> <span class='ocrx_word' id='word_1_514' title='bbox 841 4872 964 4914; x_wconf 90' lang='lat' dir='ltr'><strong>sunt</strong></span> <span class='ocrx_word' id='word_1_515' title='bbox 1005 4861 1083 4914; x_wconf 83' lang='lat' dir='ltr'><strong>eis</strong></span> <span class='ocrx_word' id='word_1_516' title='bbox 1117 4875 1276 4926; x_wconf 89' lang='lat' dir='ltr'><strong>nova,</strong></span> <span class='ocrx_word' id='word_1_517' title='bbox 1324 4874 1422 4913; x_wconf 89' lang='lat' dir='ltr'><strong>nec</strong></span> <span class='ocrx_word' id='word_1_518' title='bbox 1469 4864 1664 4912; x_wconf 72' lang='lat' dir='ltr'><strong>castra.</strong></span> <span class='ocrx_word' id='word_1_519' title='bbox 1721 4859 1897 4912; x_wconf 87' lang='lat' dir='ltr'><strong>Muros</strong></span> 
     </span>
    </p>
   </div>
   <div class='ocr_carea' id='block_1_80' title="bbox 314 4954 1902 5024">
    <p class='ocr_par' dir='ltr' id='par_1_80' title="bbox 314 4954 1902 5024">
     <span class='ocr_line' id='line_1_80' title="bbox 314 4954 1902 5024; baseline 0 -16"><span class='ocrx_word' id='word_1_520' title='bbox 314 4955 626 5023; x_wconf 74' lang='lat' dir='ltr'><strong>apostolica:</strong></span> <span class='ocrx_word' id='word_1_521' title='bbox 660 4955 1058 5024; x_wconf 70' lang='lat' dir='ltr'><strong>praedicationis</strong></span> <span class='ocrx_word' id='word_1_522' title='bbox 1107 4954 1210 5009; x_wconf 90' lang='lat' dir='ltr'><strong>illis</strong></span> <span class='ocrx_word' id='word_1_523' title='bbox 1242 4954 1430 5008; x_wconf 90' lang='lat' dir='ltr'><strong>volunt</strong></span> <span class='ocrx_word' id='word_1_524' title='bbox 1473 4954 1649 5008; x_wconf 86' lang='lat' dir='ltr'><strong>adhuc</strong></span> <span class='ocrx_word' id='word_1_525' title='bbox 1679 4954 1902 5021; x_wconf 71' lang='lat' dir='ltr'><strong>Spiculis</strong></span> 
     </span>
    </p>
   </div>
   <div class='ocr_carea' id='block_1_81' title="bbox 316 5044 1903 5114">
    <p class='ocr_par' dir='ltr' id='par_1_81' title="bbox 316 5044 1903 5114">
     <span class='ocr_line' id='line_1_81' title="bbox 316 5044 1903 5114; baseline 0.001 -17"><span class='ocrx_word' id='word_1_526' title='bbox 316 5044 611 5107; x_wconf 82' lang='lat' dir='ltr'><strong>debellare,</strong></span> <span class='ocrx_word' id='word_1_527' title='bbox 641 5061 765 5113; x_wconf 71' lang='lat' dir='ltr'><strong>qua:</strong></span> <span class='ocrx_word' id='word_1_528' title='bbox 796 5044 1017 5114; x_wconf 82' lang='lat' dir='ltr'><strong>signifer</strong></span> <span class='ocrx_word' id='word_1_529' title='bbox 1065 5045 1439 5099; x_wconf 62' lang='lat' dir='ltr'><strong>hereticorum</strong></span> <span class='ocrx_word' id='word_1_530' title='bbox 1468 5045 1697 5114; x_wconf 86' lang='lat' dir='ltr'><strong>jactavit</strong></span> <span class='ocrx_word' id='word_1_531' title='bbox 1730 5044 1903 5099; x_wconf 85' lang='lat' dir='ltr'><strong>inani-</strong></span> 
     </span>
    </p>
   </div>
   <div class='ocr_carea' id='block_1_82' title="bbox 320 5134 1905 5204">
    <p class='ocr_par' dir='ltr' id='par_1_82' title="bbox 320 5134 1905 5204">
     <span class='ocr_line' id='line_1_82' title="bbox 320 5134 1905 5204; baseline -0.001 -16"><span class='ocrx_word' id='word_1_532' title='bbox 320 5141 420 5188; x_wconf 88' lang='lat' dir='ltr'><strong>ter.</strong></span> <span class='ocrx_word' id='word_1_533' title='bbox 454 5135 630 5204; x_wconf 70' lang='lat' dir='ltr'><strong>praeda</strong></span> <span class='ocrx_word' id='word_1_534' title='bbox 662 5135 834 5190; x_wconf 80' lang='lat' dir='ltr'><strong>factus</strong></span> <span class='ocrx_word' id='word_1_535' title='bbox 859 5135 1164 5189; x_wconf 77' lang='lat' dir='ltr'><strong>Volatilibns</strong></span> <span class='ocrx_word' id='word_1_536' title='bbox 1191 5137 1334 5189; x_wconf 76' lang='lat' dir='ltr'><strong>creli.</strong></span> <span class='ocrx_word' id='word_1_537' title='bbox 1370 5134 1485 5187; x_wconf 88' lang='lat' dir='ltr'><strong>Duo</strong></span> <span class='ocrx_word' id='word_1_538' title='bbox 1506 5145 1709 5200; x_wconf 91' lang='lat' dir='ltr'><strong>autem,</strong></span> <span class='ocrx_word' id='word_1_539' title='bbox 1734 5150 1905 5203; x_wconf 84' lang='lat' dir='ltr'><strong>quan-</strong></span> 
     </span>
    </p>
   </div>
   <div class='ocr_carea' id='block_1_83' title="bbox 317 5226 1898 5297">
    <p class='ocr_par' dir='ltr' id='par_1_83' title="bbox 317 5226 1898 5297">
     <span class='ocr_line' id='line_1_83' title="bbox 317 5226 1898 5297; baseline 0.002 -20"><span class='ocrx_word' id='word_1_540' title='bbox 317 5233 432 5278; x_wconf 89' lang='lat' dir='ltr'><strong>tum</strong></span> <span class='ocrx_word' id='word_1_541' title='bbox 483 5226 731 5296; x_wconf 66' lang='lat' dir='ltr'><strong>legimus,</strong></span> <span class='ocrx_word' id='word_1_542' title='bbox 785 5227 990 5282; x_wconf 87' lang='lat' dir='ltr'><strong>erroris</strong></span> <span class='ocrx_word' id='word_1_543' title='bbox 1036 5226 1118 5280; x_wconf 66' lang='lat' dir='ltr'><strong>sui</strong></span> <span class='ocrx_word' id='word_1_544' title='bbox 1165 5227 1266 5279; x_wconf 86' lang='lat' dir='ltr'><strong>tela</strong></span> <span class='ocrx_word' id='word_1_545' title='bbox 1318 5227 1559 5296; x_wconf 73' lang='lat' dir='ltr'><strong>portabat</strong></span> <span class='ocrx_word' id='word_1_546' title='bbox 1607 5226 1898 5297; x_wconf 77' lang='lat' dir='ltr'><strong>Eutychos,</strong></span> 
     </span>
    </p>
   </div>
   <div class='ocr_carea' id='block_1_84' title="bbox 319 5317 1902 5390">
    <p class='ocr_par' dir='ltr' id='par_1_84' title="bbox 319 5317 1902 5390">
     <span class='ocr_line' id='line_1_84' title="bbox 319 5317 1902 5390; baseline 0.001 -20"><span class='ocrx_word' id='word_1_547' title='bbox 319 5317 461 5371; x_wconf 89' lang='lat' dir='ltr'><strong>unde</strong></span> <span class='ocrx_word' id='word_1_548' title='bbox 487 5329 776 5374; x_wconf 77' lang='lat' dir='ltr'><strong>exeuntem</strong></span> <span class='ocrx_word' id='word_1_549' title='bbox 807 5321 874 5376; x_wconf 90' lang='lat' dir='ltr'><strong>de</strong></span> <span class='ocrx_word' id='word_1_550' title='bbox 904 5319 1177 5374; x_wconf 88' lang='lat' dir='ltr'><strong>dominico</strong></span> <span class='ocrx_word' id='word_1_551' title='bbox 1232 5320 1396 5375; x_wconf 88' lang='lat' dir='ltr'><strong>latere</strong></span> <span class='ocrx_word' id='word_1_552' title='bbox 1443 5329 1696 5390; x_wconf 82' lang='lat' dir='ltr'><strong>tanquam</strong></span> <span class='ocrx_word' id='word_1_553' title='bbox 1745 5321 1902 5389; x_wconf 86' lang='lat' dir='ltr'><strong>perfi-</strong></span> 
     </span>
    </p>
   </div>
   <div class='ocr_carea' id='block_1_85' title="bbox 318 5406 1904 5478">
    <p class='ocr_par' dir='ltr' id='par_1_85' title="bbox 318 5406 1904 5478">
     <span class='ocr_line' id='line_1_85' title="bbox 318 5406 1904 5478; baseline 0.005 -20"><span class='ocrx_word' id='word_1_554' title='bbox 318 5406 418 5459; x_wconf 89' lang='lat' dir='ltr'><strong>dus</strong></span> <span class='ocrx_word' id='word_1_555' title='bbox 464 5408 618 5462; x_wconf 89' lang='lat' dir='ltr'><strong>miles</strong></span> <span class='ocrx_word' id='word_1_556' title='bbox 667 5410 948 5464; x_wconf 89' lang='lat' dir='ltr'><strong>vulnerare</strong></span> <span class='ocrx_word' id='word_1_557' title='bbox 1000 5410 1250 5477; x_wconf 76' lang='lat' dir='ltr'><strong>cupiebat</strong></span> <span class='ocrx_word' id='word_1_558' title='bbox 1305 5410 1628 5463; x_wconf 80' lang='lat' dir='ltr'><strong>Ecclesiam.</strong></span> <span class='ocrx_word' id='word_1_559' title='bbox 1688 5409 1904 5478; x_wconf 78' lang='lat' dir='ltr'><strong>Negans</strong></span> 
     </span>
    </p>
   </div>
   <div class='ocr_carea' id='block_1_86' title="bbox 319 5499 1900 5570">
    <p class='ocr_par' dir='ltr' id='par_1_86' title="bbox 319 5499 1900 5570">
     <span class='ocr_line' id='line_1_86' title="bbox 319 5499 1900 5570; baseline 0.001 -18"><span class='ocrx_word' id='word_1_560' title='bbox 319 5499 462 5552; x_wconf 87' lang='lat' dir='ltr'><strong>enim</strong></span> <span class='ocrx_word' id='word_1_561' title='bbox 503 5499 720 5553; x_wconf 75' lang='lat' dir='ltr'><strong>Mariam</strong></span> <span class='ocrx_word' id='word_1_562' title='bbox 750 5515 962 5570; x_wconf 89' lang='lat' dir='ltr'><strong>semper</strong></span> <span class='ocrx_word' id='word_1_563' title='bbox 993 5503 1106 5570; x_wconf 90' lang='lat' dir='ltr'><strong>virg</strong></span> <span class='ocrx_word' id='word_1_564' title='bbox 1133 5515 1252 5554; x_wconf 84' lang='lat' dir='ltr'><strong>nem</strong></span> <span class='ocrx_word' id='word_1_565' title='bbox 1295 5501 1464 5553; x_wconf 76' lang='lat' dir='ltr'><strong>sancti</strong></span> <span class='ocrx_word' id='word_1_566' title='bbox 1501 5501 1736 5569; x_wconf 81' lang='lat' dir='ltr'><strong>Spiritus</strong></span> <span class='ocrx_word' id='word_1_567' title='bbox 1767 5516 1900 5568; x_wconf 80' lang='lat' dir='ltr'><strong>epe-</strong></span> 
     </span>
    </p>
   </div>
   <div class='ocr_carea' id='block_1_87' title="bbox 320 5591 1900 5662">
    <p class='ocr_par' dir='ltr' id='par_1_87' title="bbox 320 5591 1900 5662">
     <span class='ocr_line' id='line_1_87' title="bbox 320 5591 1900 5662; baseline 0.004 -18"><span class='ocrx_word' id='word_1_568' title='bbox 320 5597 474 5645; x_wconf 80' lang='lat' dir='ltr'><strong>rante</strong></span> <span class='ocrx_word' id='word_1_569' title='bbox 500 5591 718 5662; x_wconf 87' lang='lat' dir='ltr'><strong>virtute,</strong></span> <span class='ocrx_word' id='word_1_570' title='bbox 750 5593 1018 5648; x_wconf 75' lang='lat' dir='ltr'><strong>nescituro</strong></span> <span class='ocrx_word' id='word_1_571' title='bbox 1040 5611 1100 5649; x_wconf 79' lang='lat' dir='ltr'><strong>ex</strong></span> <span class='ocrx_word' id='word_1_572' title='bbox 1129 5593 1375 5649; x_wconf 81' lang='lat' dir='ltr'><strong>humanis</strong></span> <span class='ocrx_word' id='word_1_573' title='bbox 1399 5595 1691 5648; x_wconf 86' lang='lat' dir='ltr'><strong>visceribus</strong></span> <span class='ocrx_word' id='word_1_574' title='bbox 1717 5594 1900 5662; x_wconf 86' lang='lat' dir='ltr'><strong>unige-</strong></span> 
     </span>
    </p>
   </div>
   <div class='ocr_carea' id='block_1_88' title="bbox 2005 3312 3590 3388">
    <p class='ocr_par' dir='ltr' id='par_1_88' title="bbox 2005 3312 3590 3388">
     <span class='ocr_line' id='line_1_88' title="bbox 2005 3312 3590 3388; baseline -0.003 -14"><span class='ocrx_word' id='word_1_575' title='bbox 2005 3321 2130 3374; x_wconf 82' lang='lat' dir='ltr'><strong>tudo</strong></span> <span class='ocrx_word' id='word_1_576' title='bbox 2175 3320 2434 3388; x_wconf 75' lang='lat' dir='ltr'><strong>temporis,</strong></span> <span class='ocrx_word' id='word_1_577' title='bbox 2483 3318 2619 3371; x_wconf 60' lang='lat' dir='ltr'><strong>misit</strong></span> <span class='ocrx_word' id='word_1_578' title='bbox 2663 3315 2800 3372; x_wconf 73' lang='lat' dir='ltr'><strong>Deus</strong></span> <span class='ocrx_word' id='word_1_579' title='bbox 2851 3312 3046 3368; x_wconf 82' lang='lat' dir='ltr'><strong>Filium</strong></span> <span class='ocrx_word' id='word_1_580' title='bbox 3092 3332 3242 3370; x_wconf 74' lang='lat' dir='ltr'><strong>suum</strong></span> <span class='ocrx_word' id='word_1_581' title='bbox 3292 3317 3481 3384; x_wconf 79' lang='lat' dir='ltr'><strong>factum</strong></span> <span class='ocrx_word' id='word_1_582' title='bbox 3525 3333 3590 3370; x_wconf 75' lang='lat' dir='ltr'><strong>ea:</strong></span> 
     </span>
    </p>
   </div>
   <div class='ocr_carea' id='block_1_89' title="bbox 2005 3407 3585 3480">
    <p class='ocr_par' dir='ltr' id='par_1_89' title="bbox 2005 3407 3585 3480">
     <span class='ocr_line' id='line_1_89' title="bbox 2005 3407 3585 3480; baseline -0.003 -15"><span class='ocrx_word' id='word_1_583' title='bbox 2005 3413 2215 3465; x_wconf 77' lang='lat' dir='ltr'><strong>muliere</strong></span> <span class='ocrx_word' id='word_1_584' title='bbox 2240 3409 2382 3480; x_wconf 83' lang='lat' dir='ltr'><strong>(Gal.</strong></span> <span class='ocrx_word' id='word_1_585' title='bbox 2417 3424 2492 3473; x_wconf 89' lang='lat' dir='ltr'><strong>tv,</strong></span> <span class='ocrx_word' id='word_1_586' title='bbox 2519 3408 2598 3478; x_wconf 71' lang='grc'><strong>4).</strong></span> <span class='ocrx_word' id='word_1_587' title='bbox 2651 3407 2840 3461; x_wconf 72' lang='lat' dir='ltr'><strong>Filium</strong></span> <span class='ocrx_word' id='word_1_588' title='bbox 2891 3421 3019 3476; x_wconf 88' lang='lat' dir='ltr'><strong>ergo</strong></span> <span class='ocrx_word' id='word_1_589' title='bbox 3048 3423 3202 3461; x_wconf 90' lang='lat' dir='ltr'><strong>suum</strong></span> <span class='ocrx_word' id='word_1_590' title='bbox 3245 3408 3388 3461; x_wconf 89' lang='lat' dir='ltr'><strong>misit</strong></span> <span class='ocrx_word' id='word_1_591' title='bbox 3424 3407 3585 3472; x_wconf 86' lang='lat' dir='ltr'><strong>Deus,</strong></span> 
     </span>
    </p>
   </div>
   <div class='ocr_carea' id='block_1_90' title="bbox 2005 3499 3586 3568">
    <p class='ocr_par' dir='ltr' id='par_1_90' title="bbox 2005 3499 3586 3568">
     <span class='ocr_line' id='line_1_90' title="bbox 2005 3499 3586 3568; baseline -0.003 -10"><span class='ocrx_word' id='word_1_592' title='bbox 2005 3504 2058 3559; x_wconf 88' lang='lat' dir='ltr'><strong>id</strong></span> <span class='ocrx_word' id='word_1_593' title='bbox 2090 3513 2192 3568; x_wconf 82' lang='lat' dir='ltr'><strong>est,</strong></span> <span class='ocrx_word' id='word_1_594' title='bbox 2227 3501 2454 3556; x_wconf 73' lang='lat' dir='ltr'><strong>Verbum</strong></span> <span class='ocrx_word' id='word_1_595' title='bbox 2488 3517 2640 3554; x_wconf 91' lang='lat' dir='ltr'><strong>suntn</strong></span> <span class='ocrx_word' id='word_1_596' title='bbox 2672 3515 2887 3554; x_wconf 92' lang='lat' dir='ltr'><strong>carnem</strong></span> <span class='ocrx_word' id='word_1_597' title='bbox 2922 3499 3048 3554; x_wconf 89' lang='lat' dir='ltr'><strong>fecit</strong></span> <span class='ocrx_word' id='word_1_598' title='bbox 3080 3499 3249 3565; x_wconf 90' lang='lat' dir='ltr'><strong>Deus;</strong></span> <span class='ocrx_word' id='word_1_599' title='bbox 3283 3501 3376 3555; x_wconf 90' lang='lat' dir='ltr'><strong>sed</strong></span> <span class='ocrx_word' id='word_1_600' title='bbox 3408 3501 3586 3555; x_wconf 72' lang='lat' dir='ltr'><strong>unde?</strong></span> 
     </span>
    </p>
   </div>
   <div class='ocr_carea' id='block_1_91' title="bbox 2006 3593 3588 3663">
    <p class='ocr_par' dir='ltr' id='par_1_91' title="bbox 2006 3593 3588 3663">
     <span class='ocr_line' id='line_1_91' title="bbox 2006 3593 3588 3663; baseline -0.003 -12"><span class='ocrx_word' id='word_1_601' title='bbox 2006 3597 2084 3651; x_wconf 79' lang='lat' dir='ltr'><strong>Ex</strong></span> <span class='ocrx_word' id='word_1_602' title='bbox 2139 3597 2381 3649; x_wconf 88' lang='lat' dir='ltr'><strong>muliere.</strong></span> <span class='ocrx_word' id='word_1_603' title='bbox 2431 3594 2485 3648; x_wconf 89' lang='lat' dir='ltr'><strong>Si</strong></span> <span class='ocrx_word' id='word_1_604' title='bbox 2537 3594 2698 3663; x_wconf 89' lang='lat' dir='ltr'><strong>igitur</strong></span> <span class='ocrx_word' id='word_1_605' title='bbox 2742 3609 2807 3647; x_wconf 81' lang='lat' dir='ltr'><strong>ex</strong></span> <span class='ocrx_word' id='word_1_606' title='bbox 2846 3593 3069 3648; x_wconf 89' lang='lat' dir='ltr'><strong>muliere</strong></span> <span class='ocrx_word' id='word_1_607' title='bbox 3097 3593 3330 3648; x_wconf 83' lang='lat' dir='ltr'><strong>Verbum</strong></span> <span class='ocrx_word' id='word_1_608' title='bbox 3359 3609 3484 3648; x_wconf 87' lang='lat' dir='ltr'><strong>caro</strong></span> <span class='ocrx_word' id='word_1_609' title='bbox 3513 3594 3588 3647; x_wconf 84' lang='lat' dir='ltr'><strong>fa-</strong></span> 
     </span>
    </p>
   </div>
   <div class='ocr_carea' id='block_1_92' title="bbox 2005 3686 3587 3756">
    <p class='ocr_par' dir='ltr' id='par_1_92' title="bbox 2005 3686 3587 3756">
     <span class='ocr_line' id='line_1_92' title="bbox 2005 3686 3587 3756; baseline -0.001 -11"><span class='ocrx_word' id='word_1_610' title='bbox 2005 3702 2146 3745; x_wconf 89' lang='lat' dir='ltr'><strong>ctmn</strong></span> <span class='ocrx_word' id='word_1_611' title='bbox 2189 3697 2296 3754; x_wconf 89' lang='lat' dir='ltr'><strong>est,</strong></span> <span class='ocrx_word' id='word_1_612' title='bbox 2347 3703 2475 3744; x_wconf 91' lang='lat' dir='ltr'><strong>caro</strong></span> <span class='ocrx_word' id='word_1_613' title='bbox 2522 3686 2680 3741; x_wconf 81' lang='lat' dir='ltr'><strong>Verbi</strong></span> <span class='ocrx_word' id='word_1_614' title='bbox 2728 3686 3090 3744; x_wconf 88' lang='lat' dir='ltr'><strong>indubitanter</strong></span> <span class='ocrx_word' id='word_1_615' title='bbox 3131 3698 3340 3756; x_wconf 89' lang='lat' dir='ltr'><strong>sumpta</strong></span> <span class='ocrx_word' id='word_1_616' title='bbox 3394 3697 3476 3742; x_wconf 85' lang='lat' dir='ltr'><strong>est</strong></span> <span class='ocrx_word' id='word_1_617' title='bbox 3518 3686 3587 3743; x_wconf 86' lang='lat' dir='ltr'><strong>de</strong></span> 
     </span>
    </p>
   </div>
   <div class='ocr_carea' id='block_1_93' title="bbox 2005 3777 3586 3847">
    <p class='ocr_par' dir='ltr' id='par_1_93' title="bbox 2005 3777 3586 3847">
     <span class='ocr_line' id='line_1_93' title="bbox 2005 3777 3586 3847; baseline 0 -14"><span class='ocrx_word' id='word_1_618' title='bbox 2005 3780 2251 3835; x_wconf 87' lang='lat' dir='ltr'><strong>muliere.</strong></span> <span class='ocrx_word' id='word_1_619' title='bbox 2281 3779 2466 3834; x_wconf 79' lang='lat' dir='ltr'><strong>Mulier</strong></span> <span class='ocrx_word' id='word_1_620' title='bbox 2497 3778 2585 3832; x_wconf 93' lang='lat' dir='ltr'><strong>hic</strong></span> <span class='ocrx_word' id='word_1_621' title='bbox 2623 3793 2836 3847; x_wconf 72' lang='lat' dir='ltr'><strong>semper</strong></span> <span class='ocrx_word' id='word_1_622' title='bbox 2851 3777 3010 3845; x_wconf 83' lang='lat' dir='ltr'><strong>Virgo</strong></span> <span class='ocrx_word' id='word_1_623' title='bbox 3043 3778 3227 3843; x_wconf 85' lang='lat' dir='ltr'><strong>Maria,</strong></span> <span class='ocrx_word' id='word_1_624' title='bbox 3275 3793 3436 3834; x_wconf 75' lang='lat' dir='ltr'><strong>sexus</strong></span> <span class='ocrx_word' id='word_1_625' title='bbox 3485 3793 3586 3833; x_wconf 82' lang='lat' dir='ltr'><strong>no-</strong></span> 
     </span>
    </p>
   </div>
   <div class='ocr_carea' id='block_1_94' title="bbox 2004 3868 3589 3937">
    <p class='ocr_par' dir='ltr' id='par_1_94' title="bbox 2004 3868 3589 3937">
     <span class='ocr_line' id='line_1_94' title="bbox 2004 3868 3589 3937; baseline -0.001 -13"><span class='ocrx_word' id='word_1_626' title='bbox 2004 3870 2147 3924; x_wconf 86' lang='lat' dir='ltr'><strong>mine</strong></span> <span class='ocrx_word' id='word_1_627' title='bbox 2193 3869 2386 3924; x_wconf 88' lang='lat' dir='ltr'><strong>mulier</strong></span> <span class='ocrx_word' id='word_1_628' title='bbox 2434 3878 2793 3936; x_wconf 88' lang='lat' dir='ltr'><strong>nuncupatur,</strong></span> <span class='ocrx_word' id='word_1_629' title='bbox 2834 3883 2955 3936; x_wconf 67' lang='lat' dir='ltr'><strong>quin</strong></span> <span class='ocrx_word' id='word_1_630' title='bbox 3002 3878 3281 3937; x_wconf 84' lang='lat' dir='ltr'><strong>prepterea</strong></span> <span class='ocrx_word' id='word_1_631' title='bbox 3313 3868 3460 3922; x_wconf 91' lang='lat' dir='ltr'><strong>salvo</strong></span> <span class='ocrx_word' id='word_1_632' title='bbox 3491 3883 3589 3937; x_wconf 83' lang='lat' dir='ltr'><strong>pu-</strong></span> 
     </span>
    </p>
   </div>
   <div class='ocr_carea' id='block_1_95' title="bbox 2003 3959 3585 4030">
    <p class='ocr_par' dir='ltr' id='par_1_95' title="bbox 2003 3959 3585 4030">
     <span class='ocr_line' id='line_1_95' title="bbox 2003 3959 3585 4030; baseline 0 -16"><span class='ocrx_word' id='word_1_633' title='bbox 2003 3961 2136 4014; x_wconf 83' lang='lat' dir='ltr'><strong>dore</strong></span> <span class='ocrx_word' id='word_1_634' title='bbox 2160 3961 2403 4030; x_wconf 90' lang='lat' dir='ltr'><strong>concepit</strong></span> <span class='ocrx_word' id='word_1_635' title='bbox 2433 3970 2484 4014; x_wconf 89' lang='lat' dir='ltr'><strong>et</strong></span> <span class='ocrx_word' id='word_1_636' title='bbox 2517 3961 2722 4027; x_wconf 86' lang='lat' dir='ltr'><strong>peperit</strong></span> <span class='ocrx_word' id='word_1_637' title='bbox 2747 3959 2933 4022; x_wconf 89' lang='lat' dir='ltr'><strong>Deum,</strong></span> <span class='ocrx_word' id='word_1_638' title='bbox 2964 3959 3086 4029; x_wconf 88' lang='lat' dir='ltr'><strong>quia</strong></span> <span class='ocrx_word' id='word_1_639' title='bbox 3121 3959 3188 4012; x_wconf 90' lang='lat' dir='ltr'><strong>de</strong></span> <span class='ocrx_word' id='word_1_640' title='bbox 3220 3975 3279 4014; x_wconf 87' lang='lat' dir='ltr'><strong>ea</strong></span> <span class='ocrx_word' id='word_1_641' title='bbox 3303 3960 3585 4014; x_wconf 87' lang='lat' dir='ltr'><strong>veritatem</strong></span> 
     </span>
    </p>
   </div>
   <div class='ocr_carea' id='block_1_96' title="bbox 2004 4049 3590 4121">
    <p class='ocr_par' dir='ltr' id='par_1_96' title="bbox 2004 4049 3590 4121">
     <span class='ocr_line' id='line_1_96' title="bbox 2004 4049 3590 4121; baseline -0.001 -15"><span class='ocrx_word' id='word_1_642' title='bbox 2004 4053 2180 4106; x_wconf 88' lang='lat' dir='ltr'><strong>carnis</strong></span> <span class='ocrx_word' id='word_1_643' title='bbox 2212 4051 2348 4105; x_wconf 88' lang='lat' dir='ltr'><strong>Deus</strong></span> <span class='ocrx_word' id='word_1_644' title='bbox 2393 4051 2551 4104; x_wconf 93' lang='lat' dir='ltr'><strong>homo</strong></span> <span class='ocrx_word' id='word_1_645' title='bbox 2580 4052 2747 4104; x_wconf 91' lang='lat' dir='ltr'><strong>factus</strong></span> <span class='ocrx_word' id='word_1_646' title='bbox 2774 4049 3002 4118; x_wconf 86' lang='lat' dir='ltr'><strong>accepit.</strong></span> <span class='ocrx_word' id='word_1_647' title='bbox 3050 4050 3302 4121; x_wconf 82' lang='lat' dir='ltr'><strong>Alioquin</strong></span> <span class='ocrx_word' id='word_1_648' title='bbox 3351 4050 3396 4105; x_wconf 91' lang='lat' dir='ltr'><strong>si</strong></span> <span class='ocrx_word' id='word_1_649' title='bbox 3430 4051 3590 4106; x_wconf 89' lang='lat' dir='ltr'><strong>fabri-</strong></span> 
     </span>
    </p>
   </div>
   <div class='ocr_carea' id='block_1_97' title="bbox 2003 4143 3584 4213">
    <p class='ocr_par' dir='ltr' id='par_1_97' title="bbox 2003 4143 3584 4213">
     <span class='ocr_line' id='line_1_97' title="bbox 2003 4143 3584 4213; baseline 0.002 -16"><span class='ocrx_word' id='word_1_650' title='bbox 2003 4144 2142 4197; x_wconf 88' lang='lat' dir='ltr'><strong>cavit</strong></span> <span class='ocrx_word' id='word_1_651' title='bbox 2171 4143 2272 4196; x_wconf 87' lang='lat' dir='ltr'><strong>sibi</strong></span> <span class='ocrx_word' id='word_1_652' title='bbox 2296 4143 2517 4197; x_wconf 74' lang='lat' dir='ltr'><strong>(Ireatnr</strong></span> <span class='ocrx_word' id='word_1_653' title='bbox 2539 4143 2799 4197; x_wconf 82' lang='lat' dir='ltr'><strong>creandos</strong></span> <span class='ocrx_word' id='word_1_654' title='bbox 2833 4143 2958 4196; x_wconf 89' lang='lat' dir='ltr'><strong>novi</strong></span> <span class='ocrx_word' id='word_1_655' title='bbox 2987 4144 3200 4213; x_wconf 85' lang='lat' dir='ltr'><strong>generis</strong></span> <span class='ocrx_word' id='word_1_656' title='bbox 3227 4159 3467 4208; x_wconf 89' lang='lat' dir='ltr'><strong>carnem,</strong></span> <span class='ocrx_word' id='word_1_657' title='bbox 3499 4145 3584 4200; x_wconf 90' lang='lat' dir='ltr'><strong>vel</strong></span> 
     </span>
    </p>
   </div>
   <div class='ocr_carea' id='block_1_98' title="bbox 2003 4235 3589 4305">
    <p class='ocr_par' dir='ltr' id='par_1_98' title="bbox 2003 4235 3589 4305">
     <span class='ocr_line' id='line_1_98' title="bbox 2003 4235 3589 4305; baseline 0.001 -14"><span class='ocrx_word' id='word_1_658' title='bbox 2003 4252 2067 4291; x_wconf 83' lang='lat' dir='ltr'><strong>ex</strong></span> <span class='ocrx_word' id='word_1_659' title='bbox 2100 4235 2284 4299; x_wconf 89' lang='lat' dir='ltr'><strong>nihilo,</strong></span> <span class='ocrx_word' id='word_1_660' title='bbox 2335 4235 2419 4290; x_wconf 88' lang='lat' dir='ltr'><strong>vel</strong></span> <span class='ocrx_word' id='word_1_661' title='bbox 2455 4235 2596 4288; x_wconf 88' lang='lat' dir='ltr'><strong>unde</strong></span> <span class='ocrx_word' id='word_1_662' title='bbox 2640 4236 2823 4300; x_wconf 90' lang='lat' dir='ltr'><strong>voluit,</strong></span> <span class='ocrx_word' id='word_1_663' title='bbox 2879 4251 3138 4305; x_wconf 86' lang='lat' dir='ltr'><strong>apparere</strong></span> <span class='ocrx_word' id='word_1_664' title='bbox 3184 4237 3360 4292; x_wconf 90' lang='lat' dir='ltr'><strong>subito</strong></span> <span class='ocrx_word' id='word_1_665' title='bbox 3402 4237 3589 4292; x_wconf 89' lang='lat' dir='ltr'><strong>debuit</strong></span> 
     </span>
    </p>
   </div>
   <div class='ocr_carea' id='block_1_99' title="bbox 2003 4325 3589 4394">
    <p class='ocr_par' dir='ltr' id='par_1_99' title="bbox 2003 4325 3589 4394">
     <span class='ocr_line' id='line_1_99' title="bbox 2003 4325 3589 4394; baseline 0.002 -13"><span class='ocrx_word' id='word_1_666' title='bbox 2003 4327 2171 4381; x_wconf 90' lang='lat' dir='ltr'><strong>oculis</strong></span> <span class='ocrx_word' id='word_1_667' title='bbox 2223 4325 2544 4390; x_wconf 89' lang='lat' dir='ltr'><strong>mortalium,</strong></span> <span class='ocrx_word' id='word_1_668' title='bbox 2582 4333 2606 4360; x_wconf 79' lang='grc' dir='ltr'>ι</span> <span class='ocrx_word' id='word_1_669' title='bbox 2639 4341 2796 4394; x_wconf 89' lang='lat' dir='ltr'><strong>quam</strong></span> <span class='ocrx_word' id='word_1_670' title='bbox 2835 4325 3022 4380; x_wconf 87' lang='lat' dir='ltr'><strong>decem</strong></span> <span class='ocrx_word' id='word_1_671' title='bbox 3054 4328 3332 4383; x_wconf 89' lang='lat' dir='ltr'><strong>mensibus</strong></span> <span class='ocrx_word' id='word_1_672' title='bbox 3361 4329 3589 4385; x_wconf 87' lang='lat' dir='ltr'><strong>tolerare</strong></span> 
     </span>
    </p>
   </div>
   <div class='ocr_carea' id='block_1_100' title="bbox 2006 4415 3591 4487">
    <p class='ocr_par' dir='ltr' id='par_1_100' title="bbox 2006 4415 3591 4487">
     <span class='ocr_line' id='line_1_100' title="bbox 2006 4415 3591 4487; baseline 0.001 -16"><span class='ocrx_word' id='word_1_673' title='bbox 2006 4417 2151 4487; x_wconf 87' lang='lat' dir='ltr'><strong>parvi</strong></span> <span class='ocrx_word' id='word_1_674' title='bbox 2185 4416 2388 4471; x_wconf 89' lang='lat' dir='ltr'><strong>ventris</strong></span> <span class='ocrx_word' id='word_1_675' title='bbox 2433 4415 2746 4486; x_wconf 78' lang='lat' dir='ltr'><strong>huSpitium,</strong></span> <span class='ocrx_word' id='word_1_676' title='bbox 2783 4417 2934 4485; x_wconf 89' lang='lat' dir='ltr'><strong>cujus</strong></span> <span class='ocrx_word' id='word_1_677' title='bbox 2963 4418 3315 4486; x_wconf 86' lang='lat' dir='ltr'><strong>magnitudini</strong></span> <span class='ocrx_word' id='word_1_678' title='bbox 3348 4436 3455 4475; x_wconf 91' lang='lat' dir='ltr'><strong>non</strong></span> <span class='ocrx_word' id='word_1_679' title='bbox 3479 4420 3591 4474; x_wconf 82' lang='lat' dir='ltr'><strong>suf-</strong></span> 
     </span>
    </p>
   </div>
   <div class='ocr_carea' id='block_1_101' title="bbox 2011 4506 3582 4581">
    <p class='ocr_par' dir='ltr' id='par_1_101' title="bbox 2011 4506 3582 4581">
     <span class='ocr_line' id='line_1_101' title="bbox 2011 4506 3582 4581; baseline 0.003 -21"><span class='ocrx_word' id='word_1_680' title='bbox 2011 4508 2118 4560; x_wconf 81' lang='lat' dir='ltr'><strong>ﬁcit</strong></span> <span class='ocrx_word' id='word_1_681' title='bbox 2150 4507 2369 4562; x_wconf 70' lang='lat' dir='ltr'><strong>cretum.</strong></span> <span class='ocrx_word' id='word_1_682' title='bbox 2421 4506 2559 4571; x_wconf 80' lang='lat' dir='ltr'><strong>Quid</strong></span> <span class='ocrx_word' id='word_1_683' title='bbox 2618 4510 2978 4562; x_wconf 87' lang='lat' dir='ltr'><strong>necessarium</strong></span> <span class='ocrx_word' id='word_1_684' title='bbox 3031 4509 3203 4564; x_wconf 82' lang='lat' dir='ltr'><strong>fuerat</strong></span> <span class='ocrx_word' id='word_1_685' title='bbox 3253 4521 3307 4565; x_wconf 91' lang='lat' dir='ltr'><strong>ut</strong></span> <span class='ocrx_word' id='word_1_686' title='bbox 3356 4511 3582 4581; x_wconf 68' lang='lat' dir='ltr'><strong>Ioseph,</strong></span> 
     </span>
    </p>
   </div>
   <div class='ocr_carea' id='block_1_102' title="bbox 2008 4600 3591 4673">
    <p class='ocr_par' dir='ltr' id='par_1_102' title="bbox 2008 4600 3591 4673">
     <span class='ocr_line' id='line_1_102' title="bbox 2008 4600 3591 4673; baseline 0.003 -18"><span class='ocrx_word' id='word_1_687' title='bbox 2008 4617 2241 4670; x_wconf 86' lang='lat' dir='ltr'><strong>sponsus</strong></span> <span class='ocrx_word' id='word_1_688' title='bbox 2272 4600 2461 4664; x_wconf 75' lang='lat' dir='ltr'><strong>ﬁdelis,</strong></span> <span class='ocrx_word' id='word_1_689' title='bbox 2495 4600 2681 4654; x_wconf 86' lang='lat' dir='ltr'><strong>videns</strong></span> <span class='ocrx_word' id='word_1_690' title='bbox 2708 4601 2987 4669; x_wconf 82' lang='lat' dir='ltr'><strong>conjugem</strong></span> <span class='ocrx_word' id='word_1_691' title='bbox 3030 4604 3410 4668; x_wconf 78' lang='lat' dir='ltr'><strong>cnstissimatn,</strong></span> <span class='ocrx_word' id='word_1_692' title='bbox 3442 4605 3591 4673; x_wconf 82' lang='lat' dir='ltr'><strong>prius</strong></span> 
     </span>
    </p>
   </div>
   <div class='ocr_carea' id='block_1_103' title="bbox 2009 4690 3592 4764">
    <p class='ocr_par' dir='ltr' id='par_1_103' title="bbox 2009 4690 3592 4764">
     <span class='ocr_line' id='line_1_103' title="bbox 2009 4690 3592 4764; baseline 0.004 -20"><span class='ocrx_word' id='word_1_693' title='bbox 2009 4708 2168 4762; x_wconf 90' lang='lat' dir='ltr'><strong>quam</strong></span> <span class='ocrx_word' id='word_1_694' title='bbox 2220 4692 2599 4756; x_wconf 85' lang='lat' dir='ltr'><strong>convenirent,</strong></span> <span class='ocrx_word' id='word_1_695' title='bbox 2650 4690 2787 4746; x_wconf 90' lang='lat' dir='ltr'><strong>efﬁci</strong></span> <span class='ocrx_word' id='word_1_696' title='bbox 2834 4692 3175 4760; x_wconf 89' lang='lat' dir='ltr'><strong>genitricem,</strong></span> <span class='ocrx_word' id='word_1_697' title='bbox 3229 4697 3592 4764; x_wconf 82' lang='lat' dir='ltr'><strong>suspicaretur</strong></span> 
     </span>
    </p>
   </div>
   <div class='ocr_carea' id='block_1_104' title="bbox 2009 4786 3592 4857">
    <p class='ocr_par' dir='ltr' id='par_1_104' title="bbox 2009 4786 3592 4857">
     <span class='ocr_line' id='line_1_104' title="bbox 2009 4786 3592 4857; baseline 0 -16"><span class='ocrx_word' id='word_1_698' title='bbox 2009 4787 2351 4851; x_wconf 89' lang='lat' dir='ltr'><strong>adulterium,</strong></span> <span class='ocrx_word' id='word_1_699' title='bbox 2381 4787 2502 4854; x_wconf 90' lang='lat' dir='ltr'><strong>quia</strong></span> <span class='ocrx_word' id='word_1_700' title='bbox 2560 4786 2832 4841; x_wconf 87' lang='lat' dir='ltr'><strong>nesciebat</strong></span> <span class='ocrx_word' id='word_1_701' title='bbox 2885 4786 3058 4840; x_wconf 91' lang='lat' dir='ltr'><strong>adhuc</strong></span> <span class='ocrx_word' id='word_1_702' title='bbox 3116 4788 3336 4842; x_wconf 76' lang='lat' dir='ltr'><strong>cmleste</strong></span> <span class='ocrx_word' id='word_1_703' title='bbox 3394 4795 3592 4857; x_wconf 80' lang='lat' dir='ltr'><strong>myste-</strong></span> 
     </span>
    </p>
   </div>
   <div class='ocr_carea' id='block_1_105' title="bbox 2013 4878 3593 4949">
    <p class='ocr_par' dir='ltr' id='par_1_105' title="bbox 2013 4878 3593 4949">
     <span class='ocr_line' id='line_1_105' title="bbox 2013 4878 3593 4949; baseline 0 -14"><span class='ocrx_word' id='word_1_704' title='bbox 2013 4880 2182 4935; x_wconf 89' lang='lat' dir='ltr'><strong>rium?</strong></span> <span class='ocrx_word' id='word_1_705' title='bbox 2208 4879 2380 4934; x_wconf 76' lang='lat' dir='ltr'><strong>Fierct</strong></span> <span class='ocrx_word' id='word_1_706' title='bbox 2397 4878 2698 4949; x_wconf 55' lang='lat' dir='ltr'><strong>unigenitus</strong></span> <span class='ocrx_word' id='word_1_707' title='bbox 2719 4879 2858 4934; x_wconf 92' lang='lat' dir='ltr'><strong>Deus</strong></span> <span class='ocrx_word' id='word_1_708' title='bbox 2884 4879 3043 4936; x_wconf 91' lang='lat' dir='ltr'><strong>homo</strong></span> <span class='ocrx_word' id='word_1_709' title='bbox 3068 4881 3208 4935; x_wconf 90' lang='lat' dir='ltr'><strong>sicut</strong></span> <span class='ocrx_word' id='word_1_710' title='bbox 3231 4882 3346 4936; x_wconf 86' lang='lat' dir='ltr'><strong>sine</strong></span> <span class='ocrx_word' id='word_1_711' title='bbox 3377 4881 3593 4935; x_wconf 85' lang='lat' dir='ltr'><strong>homine</strong></span> 
     </span>
    </p>
   </div>
   <div class='ocr_carea' id='block_1_106' title="bbox 2009 4970 3588 5039">
    <p class='ocr_par' dir='ltr' id='par_1_106' title="bbox 2009 4970 3588 5039">
     <span class='ocr_line' id='line_1_106' title="bbox 2009 4970 3588 5039; baseline 0.003 -16"><span class='ocrx_word' id='word_1_712' title='bbox 2009 4982 2182 5038; x_wconf 91' lang='lat' dir='ltr'><strong>patre,</strong></span> <span class='ocrx_word' id='word_1_713' title='bbox 2224 4972 2293 5023; x_wconf 85' lang='lat' dir='ltr'><strong>ita</strong></span> <span class='ocrx_word' id='word_1_714' title='bbox 2326 4973 2441 5024; x_wconf 87' lang='lat' dir='ltr'><strong>sine</strong></span> <span class='ocrx_word' id='word_1_715' title='bbox 2479 4979 2670 5034; x_wconf 89' lang='lat' dir='ltr'><strong>matre,</strong></span> <span class='ocrx_word' id='word_1_716' title='bbox 2727 4972 2769 5025; x_wconf 88' lang='lat' dir='ltr'><strong>si</strong></span> <span class='ocrx_word' id='word_1_717' title='bbox 2803 4971 2930 5024; x_wconf 88' lang='lat' dir='ltr'><strong>nihil</strong></span> <span class='ocrx_word' id='word_1_718' title='bbox 2961 4972 3008 5025; x_wconf 90' lang='lat' dir='ltr'><strong>ei</strong></span> <span class='ocrx_word' id='word_1_719' title='bbox 3062 4970 3432 5039; x_wconf 86' lang='lat' dir='ltr'><strong>accipiendum</strong></span> <span class='ocrx_word' id='word_1_720' title='bbox 3488 4971 3588 5028; x_wconf 91' lang='lat' dir='ltr'><strong>fuit</strong></span> 
     </span>
    </p>
   </div>
   <div class='ocr_carea' id='block_1_107' title="bbox 2007 5061 3589 5117">
    <p class='ocr_par' dir='ltr' id='par_1_107' title="bbox 2007 5061 3589 5117">
     <span class='ocr_line' id='line_1_107' title="bbox 2007 5061 3589 5117; baseline 0 0"><span class='ocrx_word' id='word_1_721' title='bbox 2007 5077 2070 5117; x_wconf 79' lang='lat' dir='ltr'><strong>ex</strong></span> <span class='ocrx_word' id='word_1_722' title='bbox 2103 5071 2291 5116; x_wconf 87' lang='lat' dir='ltr'><strong>matre.</strong></span> <span class='ocrx_word' id='word_1_723' title='bbox 2329 5061 2546 5117; x_wconf 77' lang='lat' dir='ltr'><strong>Veniret</strong></span> <span class='ocrx_word' id='word_1_724' title='bbox 2567 5062 2632 5115; x_wconf 90' lang='lat' dir='ltr'><strong>ad</strong></span> <span class='ocrx_word' id='word_1_725' title='bbox 2668 5062 2803 5116; x_wconf 88' lang='lat' dir='ltr'><strong>ﬁlius</strong></span> <span class='ocrx_word' id='word_1_726' title='bbox 2827 5061 3099 5115; x_wconf 87' lang='lat' dir='ltr'><strong>hominum</strong></span> <span class='ocrx_word' id='word_1_727' title='bbox 3131 5061 3328 5113; x_wconf 82' lang='lat' dir='ltr'><strong>nullius</strong></span> <span class='ocrx_word' id='word_1_728' title='bbox 3358 5061 3589 5117; x_wconf 80' lang='lat' dir='ltr'><strong>hominis</strong></span> 
     </span>
    </p>
   </div>
   <div class='ocr_carea' id='block_1_108' title="bbox 2009 5150 3590 5215">
    <p class='ocr_par' dir='ltr' id='par_1_108' title="bbox 2009 5150 3590 5215">
     <span class='ocr_line' id='line_1_108' title="bbox 2009 5150 3590 5215; baseline 0.001 -9"><span class='ocrx_word' id='word_1_729' title='bbox 2009 5153 2171 5215; x_wconf 85' lang='lat' dir='ltr'><strong>ﬁlius,</strong></span> <span class='ocrx_word' id='word_1_730' title='bbox 2202 5153 2247 5207; x_wconf 87' lang='lat' dir='ltr'><strong>si</strong></span> <span class='ocrx_word' id='word_1_731' title='bbox 2279 5152 2408 5206; x_wconf 90' lang='lat' dir='ltr'><strong>nihil</strong></span> <span class='ocrx_word' id='word_1_732' title='bbox 2443 5153 2724 5206; x_wconf 85' lang='lat' dir='ltr'><strong>habiturus</strong></span> <span class='ocrx_word' id='word_1_733' title='bbox 2771 5159 2916 5205; x_wconf 89' lang='lat' dir='ltr'><strong>esset</strong></span> <span class='ocrx_word' id='word_1_734' title='bbox 2954 5163 3242 5204; x_wconf 92' lang='lat' dir='ltr'><strong>commune</strong></span> <span class='ocrx_word' id='word_1_735' title='bbox 3287 5164 3410 5206; x_wconf 88' lang='lat' dir='ltr'><strong>cum</strong></span> <span class='ocrx_word' id='word_1_736' title='bbox 3466 5150 3590 5209; x_wconf 87' lang='lat' dir='ltr'><strong>ﬁliis</strong></span> 
     </span>
    </p>
   </div>
   <div class='ocr_carea' id='block_1_109' title="bbox 2007 5243 3587 5316">
    <p class='ocr_par' dir='ltr' id='par_1_109' title="bbox 2007 5243 3587 5316">
     <span class='ocr_line' id='line_1_109' title="bbox 2007 5243 3587 5316; baseline -0.001 -13"><span class='ocrx_word' id='word_1_737' title='bbox 2007 5248 2305 5303; x_wconf 78' lang='lat' dir='ltr'><strong>heminum.</strong></span> <span class='ocrx_word' id='word_1_738' title='bbox 2341 5247 2618 5316; x_wconf 76' lang='lat' dir='ltr'><strong>chuguat</strong></span> <span class='ocrx_word' id='word_1_739' title='bbox 2651 5244 2812 5298; x_wconf 89' lang='lat' dir='ltr'><strong>nimis</strong></span> <span class='ocrx_word' id='word_1_740' title='bbox 2867 5245 2963 5298; x_wconf 90' lang='lat' dir='ltr'><strong>ista</strong></span> <span class='ocrx_word' id='word_1_741' title='bbox 3005 5244 3292 5308; x_wconf 70' lang='lat' dir='ltr'><strong>sententia,</strong></span> <span class='ocrx_word' id='word_1_742' title='bbox 3350 5243 3587 5302; x_wconf 79' lang='lat' dir='ltr'><strong>veritatis</strong></span> 
     </span>
    </p>
   </div>
   <div class='ocr_carea' id='block_1_110' title="bbox 2009 5333 3584 5411">
    <p class='ocr_par' dir='ltr' id='par_1_110' title="bbox 2009 5333 3584 5411">
     <span class='ocr_line' id='line_1_110' title="bbox 2009 5333 3584 5411; baseline -0.001 -18"><span class='ocrx_word' id='word_1_743' title='bbox 2009 5340 2179 5411; x_wconf 87' lang='lat' dir='ltr'><strong>pudor</strong></span> <span class='ocrx_word' id='word_1_744' title='bbox 2217 5336 2469 5407; x_wconf 89' lang='lat' dir='ltr'><strong>opprimit</strong></span> <span class='ocrx_word' id='word_1_745' title='bbox 2500 5335 2928 5389; x_wconf 87' lang='lat' dir='ltr'><strong>considerantcm</strong></span> <span class='ocrx_word' id='word_1_746' title='bbox 2975 5333 3192 5388; x_wconf 78' lang='lat' dir='ltr'><strong>diutius.</strong></span> <span class='ocrx_word' id='word_1_747' title='bbox 3225 5333 3387 5404; x_wconf 80' lang='lat' dir='ltr'><strong>Virgo</strong></span> <span class='ocrx_word' id='word_1_748' title='bbox 3416 5336 3584 5391; x_wconf 86' lang='lat' dir='ltr'><strong>ﬁlium</strong></span> 
     </span>
    </p>
   </div>
   <div class='ocr_carea' id='block_1_111' title="bbox 2008 5423 3592 5501">
    <p class='ocr_par' dir='ltr' id='par_1_111' title="bbox 2008 5423 3592 5501">
     <span class='ocr_line' id='line_1_111' title="bbox 2008 5423 3592 5501; baseline -0.001 -17"><span class='ocrx_word' id='word_1_749' title='bbox 2008 5439 2227 5501; x_wconf 89' lang='lat' dir='ltr'><strong>generat</strong></span> <span class='ocrx_word' id='word_1_750' title='bbox 2257 5426 2572 5482; x_wconf 82' lang='lat' dir='ltr'><strong>mirantibus</strong></span> <span class='ocrx_word' id='word_1_751' title='bbox 2613 5423 2888 5489; x_wconf 89' lang='lat' dir='ltr'><strong>omnibus,</strong></span> <span class='ocrx_word' id='word_1_752' title='bbox 2921 5433 2975 5480; x_wconf 91' lang='lat' dir='ltr'><strong>et</strong></span> <span class='ocrx_word' id='word_1_753' title='bbox 3023 5424 3226 5479; x_wconf 90' lang='lat' dir='ltr'><strong>sterilia</strong></span> <span class='ocrx_word' id='word_1_754' title='bbox 3263 5425 3592 5484; x_wconf 72' lang='lat' dir='ltr'><strong>remansisse</strong></span> 
     </span>
    </p>
   </div>
   <div class='ocr_carea' id='block_1_112' title="bbox 2010 5517 3594 5593">
    <p class='ocr_par' dir='ltr' id='par_1_112' title="bbox 2010 5517 3594 5593">
     <span class='ocr_line' id='line_1_112' title="bbox 2010 5517 3594 5593; baseline -0.003 -15"><span class='ocrx_word' id='word_1_755' title='bbox 2010 5533 2261 5593; x_wconf 89' lang='lat' dir='ltr'><strong>putantur</strong></span> <span class='ocrx_word' id='word_1_756' title='bbox 2292 5522 2491 5575; x_wconf 83' lang='lat' dir='ltr'><strong>viscera</strong></span> <span class='ocrx_word' id='word_1_757' title='bbox 2532 5518 2860 5588; x_wconf 85' lang='lat' dir='ltr'><strong>generantis,</strong></span> <span class='ocrx_word' id='word_1_758' title='bbox 2917 5519 3042 5590; x_wconf 90' lang='lat' dir='ltr'><strong>quia</strong></span> <span class='ocrx_word' id='word_1_759' title='bbox 3101 5517 3229 5573; x_wconf 89' lang='lat' dir='ltr'><strong>nihil</strong></span> <span class='ocrx_word' id='word_1_760' title='bbox 3271 5535 3335 5573; x_wconf 80' lang='lat' dir='ltr'><strong>ex</strong></span> <span class='ocrx_word' id='word_1_761' title='bbox 3379 5534 3437 5573; x_wconf 87' lang='lat' dir='ltr'><strong>se</strong></span> <span class='ocrx_word' id='word_1_762' title='bbox 3469 5534 3594 5588; x_wconf 82' lang='lat' dir='ltr'><strong>pro-</strong></span> 
     </span>
    </p>
   </div>
   <div class='ocr_carea' id='block_1_113' title="bbox 2009 5609 3589 5680">
    <p class='ocr_par' dir='ltr' id='par_1_113' title="bbox 2009 5609 3589 5680">
     <span class='ocr_line' id='line_1_113' title="bbox 2009 5609 3589 5680; baseline -0.001 -13"><span class='ocrx_word' id='word_1_763' title='bbox 2009 5613 2236 5667; x_wconf 88' lang='lat' dir='ltr'><strong>fundunt</strong></span> <span class='ocrx_word' id='word_1_764' title='bbox 2266 5614 2314 5664; x_wconf 92' lang='lat' dir='ltr'><strong>in</strong></span> <span class='ocrx_word' id='word_1_765' title='bbox 2348 5611 2584 5665; x_wconf 89' lang='lat' dir='ltr'><strong>membra</strong></span> <span class='ocrx_word' id='word_1_766' title='bbox 2637 5609 2942 5664; x_wconf 82' lang='lat' dir='ltr'><strong>nascentis?</strong></span> <span class='ocrx_word' id='word_1_767' title='bbox 2996 5609 3162 5666; x_wconf 78' lang='lat' dir='ltr'><strong>Teira</strong></span> <span class='ocrx_word' id='word_1_768' title='bbox 3198 5610 3390 5666; x_wconf 81' lang='lat' dir='ltr'><strong>herbas</strong></span> <span class='ocrx_word' id='word_1_769' title='bbox 3423 5625 3589 5680; x_wconf 54' lang='lat' dir='ltr'><strong>certe.</strong></span> 
     </span>
    </p>
   </div>
   <div class='ocr_carea' id='block_1_114' title="bbox 392 5787 2510 5866">
    <p class='ocr_par' dir='ltr' id='par_1_114' title="bbox 392 5787 2510 5866">
     <span class='ocr_line' id='line_1_114' title="bbox 392 5787 2510 5866; baseline -0.001 -19"><span class='ocrx_word' id='word_1_770' title='bbox 392 5792 413 5820; x_wconf 77' lang='grc'>⁸</span> <span class='ocrx_word' id='word_1_771' title='bbox 458 5787 555 5847; x_wconf 83' lang='lat' dir='ltr'><strong>llic</strong></span> <span class='ocrx_word' id='word_1_772' title='bbox 580 5790 1080 5864; x_wconf 76' lang='lat' dir='ltr'><strong>subintelligendum</strong></span> <span class='ocrx_word' id='word_1_773' title='bbox 1110 5803 1190 5850; x_wconf 84' lang='lat' dir='ltr'><strong>est</strong></span> <span class='ocrx_word' id='word_1_774' title='bbox 1220 5798 1408 5865; x_wconf 72' lang='lat' dir='ltr'><strong>potius.</strong></span> <span class='ocrx_word' id='word_1_775' title='bbox 1446 5803 1498 5850; x_wconf 90' lang='lat' dir='ltr'><strong>ut</strong></span> <span class='ocrx_word' id='word_1_776' title='bbox 1525 5793 1722 5866; x_wconf 59' lang='lat' dir='ltr'><strong>passim</strong></span> <span class='ocrx_word' id='word_1_777' title='bbox 1745 5793 1885 5863; x_wconf 82' lang='lat' dir='ltr'><strong>apud</strong></span> <span class='ocrx_word' id='word_1_778' title='bbox 1917 5793 2165 5864; x_wconf 80' lang='lat' dir='ltr'><strong>antiquos</strong></span> <span class='ocrx_word' id='word_1_779' title='bbox 2197 5789 2510 5860; x_wconf 79' lang='lat' dir='ltr'><strong>scriptores.</strong></span> 
     </span>
    </p>
   </div>
  </div>
