3998 6202
444 333 543 389 891

1340 329 1705 387 FULGENTII
1750 325 2099 385 FERRANDI
2141 324 2415 383 DIACONI
2449 328 2801 391 CARTIIAG.

3632 336 3745 396 892

445 456 530 500 rat
570 445 935 508 insensibiles,
991 443 1281 512 nullusque
1310 443 1391 499 eis
1444 453 1603 514 negat
1655 450 1883 499 terrenae
1919 440 2047 495 sub-
2073 442 2120 499 Α
2150 455 2239 508 per
2263 438 2430 494 Deum
2456 443 2570 497 creti
2601 440 2754 512 (Gen.
2773 457 2918 510 xxiv,
2945 440 3027 514 Ξ).
3050 442 3260 507 Diceret
3304 445 3490 516 utique
3519 464 3537 501 :
3561 445 3749 518 Tange

444 541 666 595 stantiaa~
688 538 1001 608 qualitatem
1032 555 1047 590 :
1083 537 1249 592 Maria
1276 536 1473 593 Filium
1525 538 1616 593 Dei
1666 536 1926 607 concipit,
1957 535 2044 591 Fi-

444 628 575 684 lium
602 630 695 684 Dei
730 630 890 698 parit.
917 638 975 683 et
1003 628 1054 682 in
1084 642 1151 683 eo
1177 643 1281 684 non
1307 628 1555 698 agnoscit
1587 643 1700 682 sua:
1729 626 2043 684 substantia:

446 720 863 790 proprietatem?
892 720 1252 775 Tolerabilius
1280 722 1521 789 proiecto
1568 735 1794 790 peccare
1833 719 2044 790 iudica-

444 811 610 879 bitur,
639 812 781 881 quod
814 812 1102 867 Dominum
1152 811 1333 868 Jesum
1374 812 1649 867 Christum
1696 812 1831 867 nihil
1881 826 2044 868 acce-

446 903 591 973 pisse
620 906 903 972 susttieans
923 904 993 961 de
1020 904 1208 967 Maria.
1238 914 1379 960 tacet
1405 906 1568 960 etiam
1600 918 1819 969 natum;
1847 905 2044 960 nativi-

445 995 543 1047 tati
566 994 713 1048 enim
746 1010 991 1064 magnam
1025 994 1150 1048 iacit
1199 994 1448 1064 iniuriam
1469 1040 1485 1063 ,
1520 996 1764 1066 quisquis
1806 995 2043 1065 aliquam

448 1086 576 1141 facit
612 1086 754 1141 inter
782 1085 1141 1141 substantiam
1185 1087 1463 1157 gignentia.
1503 1096 1557 1142 et
1586 1088 1751 1155 geniti
1783 1084 2043 1141 differen-

448 1177 612 1244 tiam;
678 1178 1043 1249 redarguente
1119 1178 1258 1234 hanc
1316 1180 1601 1247 pessimam
1657 1178 2043 1247 blasphemiam

448 1267 679 1323 Doctore
706 1270 973 1338 gentium,
1007 1272 1101 1326 ubi
1126 1287 1269 1328 vera:
1302 1272 1427 1327 ﬁdei
1460 1274 1619 1328 titulo
1638 1273 1871 1328 clariore
1895 1273 2045 1342 prin-

444 1362 580 1426 cipia
610 1362 863 1431 Epistulae
888 1364 1194 1420 decorantla
1236 1380 1605 1435 cognoscens,
1648 1367 1751 1422 hoc
1790 1380 2047 1423 sermone

444 1452 612 1514 cm.~it
635 1453 911 1509 mdilieare
944 1455 1251 1512 Romanos:
1285 1444 1487 1512 Paulus
1521 1474 1695 1513 servus
1736 1458 1864 1513 Jestt
1886 1458 2040 1513 Chri-

445 1545 535 1607 sti,
566 1557 776 1600 vocatus
803 1551 1089 1615 apostolus,
1119 1561 1420 1621 segregatus
1469 1552 1521 1604 in
1553 1549 1899 1621 Evangelium
1931 1550 2044 1617 Dei,

446 1634 582 1705 quod
608 1646 726 1690 ante
754 1640 1055 1708 promiserat
1087 1656 1178 1711 per
1205 1642 1484 1709 prophetas
1510 1658 1633 1697 suos
1665 1643 1717 1695 in
1761 1640 2048 1712 Scripturis

445 1726 634 1779 sanctis
655 1728 718 1780 de
742 1725 883 1782 Filio
914 1746 1029 1793 suo,
1060 1732 1150 1799 qui
1186 1732 1354 1800 factus
1377 1742 1450 1786 est
1479 1734 1526 1785 ei
1571 1749 1633 1786 ex
1659 1734 1852 1786 semine
1880 1731 2049 1785 David

2147 539 2333 599 pectus
2404 547 2581 587 meum
2638 533 3051 603 cogitationibus
3099 535 3305 591 sanctis
3359 536 3747 606 splendidum;

2147 629 2302 690 tange
2332 636 2521 678 manus
2546 623 2866 678 innocentiae
2890 623 3015 678 dote
3045 624 3372 695 locupletes;
3397 635 3555 697 tange
3583 640 3749 698 caput

2145 712 2342 767 nullius
2371 712 2662 767 obnoxium
2693 714 2957 769 criminis.
2987 715 3095 770 Cur
3140 717 3451 774 honestiora
3497 723 3748 778 membra

2145 805 2648 871 prmtermittnntur,
2676 814 2731 861 et
2760 807 2860 861 sub
2879 808 2993 861 solo
3015 808 3224 865 temore
3239 810 3520 880 jursturus
3543 829 3752 882 ponere

2144 896 2486 963 compellitur
2517 899 2773 952 manum?
2798 900 3042 969 Magnum
3074 901 3274 971 aliquid
3300 904 3353 956 in
3385 903 3487 959 hoc
3533 905 3753 962 iemose

2147 984 2344 1039 latebat
2374 1003 2388 1041 :
2422 1003 2547 1040 caro
2574 988 2767 1057 quippe
2790 988 2990 1067 Christi
3041 990 3110 1045 ibi
3154 992 3375 1059 latebat,
3408 1010 3528 1063 qua:
3560 996 3749 1051 fuerat

2145 1092 2208 1133 es
2242 1079 2364 1146 ejus
2394 1082 2691 1150 propagine
2718 1083 3009 1137 nascitura.
3044 1083 3336 1154 Propterea
3368 1096 3512 1142 tacto
3538 1089 3750 1146 {emere

2148 1171 2401 1226 terribilis
2425 1173 2907 1244 proierturjuratio
2936 1191 3028 1244 per
3060 1176 3224 1231 Demn
3258 1179 3381 1234 εωιί
3405 1197 3420 1232 ;
3449 1181 3576 1250 quia
3606 1181 3747 1236 Deus

2146 1264 2266 1317 cmli
2286 1275 2400 1318 erat
2429 1264 2498 1318 ita
2518 1267 2809 1320 secundum
2834 1283 3048 1323 carnem
3084 1270 3407 1334 nasciturus,
3428 1271 3567 1326 sicut
3590 1273 3746 1327 nasci

2148 1356 2325 1410 solent
2348 1372 2482 1424 quos
2505 1359 2779 1425 generatio
2801 1362 3017 1413 tnunine
3045 1361 3263 1416 femoris
3280 1361 3580 1432 signiﬁcata
3610 1378 3745 1419 con-

2151 1446 2348 1501 lormes
2373 1448 2555 1517 utique
2586 1448 2666 1502 his
2697 1450 2765 1502 de
2793 1450 2989 1519 quibus
3015 1450 3311 1506 formantur
3333 1453 3594 1524 assignat.

2219 1535 2274 1595 4.
2318 1537 2459 1592 Caro
2491 1540 2669 1609 itaque
2696 1540 2895 1595 Christi
2926 1542 2992 1596 de
3020 1552 3193 1598 matre
3238 1555 3448 1613 sntupta
3485 1555 3591 1610 est,
3620 1546 3747 1602 ideo

2151 1626 2377 1695 amplius
2393 1644 2517 1683 vera
2544 1640 2661 1695 est;
2694 1635 2789 1685 sed
2821 1631 2976 1700 plane
2997 1644 3180 1687 saneta
3207 1644 3309 1695 est.
3334 1635 3456 1704 quia
3484 1635 3747 1691 divinita-

2155 1720 2220 1772 tis
2250 1719 2581 1775 adunatioue
2610 1723 2859 1777 mundata
2899 1733 2999 1777 est.
3028 1724 3083 1777 In
3109 1738 3276 1780 carne
3315 1727 3511 1781 Christi
3548 1739 3743 1783 natura

446 1819 725 1869 secundum
771 1835 1020 1881 carnem;
1059 1822 1146 1887 qui
1180 1822 1579 1889 prwdestinatus
1626 1832 1697 1875 est
1731 1819 1904 1875 Filius
1954 1819 2040 1876 Det

2156 1816 2239 1861 est
2269 1820 2469 1863 nostra:
2494 1812 2693 1879 carnis,
2727 1814 2820 1867 sed
2866 1829 2972 1869 non
3014 1815 3281 1883 repetitur
3309 1818 3467 1885 culpa
3514 1827 3742 1875 naturas.

446 1904 500 1955 in
528 1906 711 1959 virtute
748 1910 1032 1961 secundum
1079 1911 1317 1980 spiritum
1362 1913 1809 1974 sanctiﬁcationis,
1860 1928 1924 1966 ex
1967 1928 2049 1966 re-

446 1997 759 2052 surrectione
808 2010 1127 2056 mortuorum
1188 2002 1315 2055 Iesu
1367 2002 1562 2056 Christi
1618 2001 1826 2057 Domini
1884 2006 2049 2059 nostri

447 2084 630 2148 (liam.
666 2103 712 2154 ι,
760 2088 897 2157 1-4).

519 2177 573 2230 ’5.
643 2178 793 2233 Dicat
846 2195 987 2234 nunc
1056 2182 1343 2240 haereticus
1402 2186 1675 2262 quuquo
1729 2186 1896 2239 Filius
1951 2188 2045 2243 Dei

448 2268 619 2323 factus
679 2282 761 2326 est
812 2287 876 2327 ex
944 2274 1151 2329 semine
1208 2276 1371 2328 David
1445 2279 1739 2332 secundum
1804 2294 2045 2335 carnem.

446 2364 647 2431 Josepb
688 2375 835 2420 certe
886 2365 1019 2419 nihil
1050 2369 1338 2423 seminavit
1384 2371 1435 2423 in
1482 2373 1666 2436 Maria,
1717 2374 1801 2427 cui
1850 2374 2048 2429 dicitur

447 2454 515 2508 ab
572 2455 805 2524 angelo:
863 2455 1095 2522 Spiritus
1152 2468 1361 2512 sanctus
1411 2462 1726 2527 superviniet
1776 2463 1832 2515 in
1884 2473 1950 2526 te,
1997 2474 2047 2518 et

445 2546 603 2599 virtus
650 2546 898 2599 Altissimi
928 2548 1268 2603 ot‘rumbrabit
1318 2550 1427 2601 tibi.
1455 2550 1630 2615 Quare
1657 2551 1908 2605 Christus
1963 2568 2031 2605 ex

446 2640 653 2692 semine
684 2639 846 2691 David
876 2640 1065 2694 iterum
1110 2641 1349 2696 dii-itur?
1371 2658 1537 2711 quare
1569 2644 1659 2697 ille
1702 2655 1860 2698 natus
1903 2644 2045 2700 inter

447 2727 691 2783 homines
730 2730 846 2785 sine
886 2730 1119 2786 humano
1167 2733 1397 2799 semine,
1426 2734 1595 2788 lactus
1623 2735 1819 2788 dicitur
1843 2750 1907 2790 ex
1952 2752 2040 2790 se—

446 2818 591 2872 mine
626 2817 823 2873 David?
854 2821 968 2876 Non
1018 2823 1226 2888 leviter,
1261 2840 1433 2894 neque
1488 2826 1851 2895 perfunctorie
1908 2843 2045 2897 pra:-

447 2906 731 2963 dicationis
785 2910 940 2979 hujus
982 2922 1199 2981 oportet
1241 2916 1590 2972 con~iderare
1623 2918 1902 2972 virtutem.
1928 2918 2039 2974 Ile—

451 3012 571 3052 mor
620 3000 815 3069 quippe
868 3001 1157 3070 Apostolus
1200 3003 1461 3060 doctrina:
1504 3021 1616 3062 sua:
1664 3009 1913 3065 similiter
1934 3010 2042 3064 alio

445 3104 663 3158 quoque
726 3092 844 3146 loco
892 3092 1233 3148 Timotheum
1289 3097 1669 3152 charis~imum
1718 3098 2039 3167 discipulum

2153 1898 2242 1953 Sic
2269 1914 2397 1955 caro
2425 1902 2623 1957 Christi
2655 1903 2805 1958 carni
2835 1905 3017 1960 Maria
3039 1916 3094 1961 et
3125 1907 3317 1961 similis
3345 1918 3427 1964 est
3446 1949 3465 1974 ,
3488 1920 3544 1965 et
3584 1911 3741 1966 diSsi-

2152 1993 2294 2048 milis
2327 1994 2558 2049 :similis
2586 2037 2601 2064 ,
2641 1998 2763 2066 quia
2789 1998 2911 2053 inde
2935 2000 3093 2053 traxit
3114 1999 3408 2070 originem;
3434 2003 3739 2067 dissimilis.

2149 2082 2271 2150 quia
2296 2098 2401 2139 non
2429 2084 2553 2140 inde
2575 2088 2846 2141 contraxit
2864 2088 3061 2144 vitiata:
3083 2090 3303 2159 originis
3317 2094 3697 2162 contagionem
3723 2114 3747 2148 ε»

2149 2172 2361 2238 similis,
2385 2176 2662 2243 quoniam,
2688 2177 2815 2231 licet
2836 2177 3163 2233 voluntarias
3183 2222 3198 2247 ,
3225 2190 3401 2237 tamen
3435 2199 3591 2240 veras
3618 2200 3738 2240 sen-

2149 2260 2219 2315 sit
2250 2263 2629 2330 inﬁrmitates;
2663 2266 2978 2332 dissimilis,
3010 2271 3262 2338 quoniam
3301 2274 3477 2328 nullas
3529 2277 3735 2343 penitus
3772 2276 3779 2281 ’

2148 2368 2321 2422 neque
2351 2370 2445 2426 per-
2474 2358 2823 2426 voluntatem,
2859 2374 3031 2430 neque
3073 2377 3167 2430 per
3205 2363 3561 2433 ignorantiam
3590 2382 3734 2423 com-

2148 2450 2292 2505 misit
2322 2452 2626 2521 iniquitates
2654 2470 2667 2507 :
2695 2454 2904 2519 similis,
2937 2457 3059 2524 quia
3091 2457 3358 2526 passibiiis
3386 2469 3441 2515 et
3462 2462 3743 2527 mortalis;

2146 2543 2445 2610 dissimilis,
2478 2548 2600 2614 quia
2631 2546 3122 2617 incoinquinahilis,
3146 2560 3201 2605 et
3229 2550 3547 2607 viviﬁcatris
3576 2556 3736 2609 etiam

2147 2647 2481 2693 mortuorum
2512 2657 2522 2691 :
2549 2639 2745 2694 similis
2768 2654 2990 2709 genere,
3017 2641 3295 2697 dissimilis
3324 2643 3519 2698 merito
3548 2662 3563 2697 :
3594 2647 3737 2699 smni-

2147 2729 2211 2783 lis
2241 2731 2446 2801 specie,
2475 2731 2751 2785 dissimilis
2784 2732 2977 2787 virtute
3008 2751 3021 2785 :
3051 2734 3264 2800 similis,
3294 2735 3417 2802 quia
3441 2735 3743 2793 similitudo

2144 2833 2229 2877 est
2256 2822 2437 2877 carnis
2484 2824 2730 2891 peccati,
2761 2823 2975 2887 dicente
3012 2826 3273 2895 Apostolo
3327 2843 3342 2879 :
3378 2826 3516 2881 Dens
3544 2827 3740 2882 l'itnnu

2144 2930 2296 2966 suum
2320 2913 2456 2966 misit
2483 2915 2535 2966 in
2562 2915 2952 2969 similitudinem
2981 2916 3152 2970 carnis
3180 2918 3373 2982 peccati
3407 2918 3590 2985 (Rern.
3627 2933 3741 2983 tttt,

2144 3006 2223 3072 5).
2252 3005 2391 3059 Ecce
2416 3015 2672 3074 quantum
2717 3021 2842 3061 caro
2881 3006 3079 3061 Christi
3117 3008 3337 3062 docetur
3370 3023 3398 3062 a
3430 3008 3598 3062 Maria
3618 3024 3737 3063 cau-

2144 3108 2259 3149 sam
2306 3110 2460 3149 nova:
2491 3098 2794 3151 etttstentite
2825 3098 3145 3152 naturaliter
3170 3110 3413 3154 assecuta
3442 3100 3734 3155 secundum

444 3195 627 3237 monet
668 3201 681 3237 :
721 3182 921 3238 Memor
950 3196 1087 3251 esto,
1112 3188 1357 3257 inquiens
1378 3229 1392 3252 ,
1434 3187 1620 3242 Iesum
1669 3188 1930 3245 Christum
1954 3208 2035 3245 re-
2062 3188 2110 3250 ο
2140 3178 2541 3240 δοισωηὶωσθιη
2572 3197 2754 3255 partus
2790 3185 3028 3254 humani,
3052 3199 3390 3257 sequestrata
3419 3193 3735 3248 occessit-its

443 3277 721 3347 surrexisse
750 3294 781 3329 a
812 3279 1024 3331 mortuis
1051 3296 1112 3333 ex
1148 3282 1339 3334 semine
1362 3279 1441 3333 Dn
1462 3281 1527 3333 'id
1552 3283 1833 3336 secundant
1866 3283 2037 3338 Evan-

441 3366 634 3436 gelium
688 3385 853 3421 meum
883 3367 971 3442 (11
1004 3368 1141 3424 Tim.
1169 3387 1228 3435 ll,
1261 3371 1337 3441 8).
1368 3371 1498 3438 Quis
1539 3375 1762 3442 proinde
1807 3375 2034 3432 inseruit

443 3458 704 3512 nativitati
747 3458 861 3528 ejus
894 3476 1075 3515 seineu
1111 3461 1274 3515 David
1308 3464 1360 3516 in
1387 3463 1684 3517 substantia
1729 3465 2038 3521 humanita-

442 3552 547 3606 tis?
582 3551 678 3606 Ubi
704 3556 873 3621 potuit
900 3555 1013 3609 ﬁeri
1043 3554 1108 3609 de
1132 3554 1339 3611 semine
1362 3555 1524 3609 David
1548 3558 1571 3609 ‘l
1599 3556 1651 3611 Si
1675 3557 1791 3611 siue
1820 3557 2037 3614 homine

443 3653 603 3697 natus
646 3656 727 3697 est
761 3656 929 3713 patre,
963 3661 1064 3714 qua
1114 3647 1320 3701 ratione
1367 3664 1495 3719 ergo
1552 3650 1701 3704 ﬁeret
1732 3666 1797 3705 ex
1831 3652 2038 3708 semine

443 3732 630 3803 David,
666 3737 765 3789 nisi
809 3752 1026 3793 carnem
1079 3739 1403 3805 suscepisset
1435 3755 1499 3793 ex
1530 3749 1700 3796 matre
1722 3756 1842 3811 quae
1873 3743 2038 3811 perti-

441 3825 601 3880 nebat
624 3826 687 3879 ad
716 3842 898 3881 semen
928 3828 1129 3882 David?
1152 3830 1225 3882 De
1248 3829 1454 3883 semine
1484 3832 1625 3883 enim
1654 3830 1817 3884 David
1845 3831 2032 3897 Maria,

440 3926 497 3971 et
550 3917 616 3971 de
656 3933 819 3972 carne
874 3920 1052 3974 Mariae
1093 3920 1372 3987 Christus;
1406 3922 1652 3989 quamvis
1682 3923 1799 3976 sine
1828 3923 2037 3979 semine

443 4010 695 4075 maritali,
731 4022 906 4066 tamen
935 4028 1054 4067 cum
1084 4015 1408 4083 proprii-tate
1434 4026 1659 4068 naturai.
1680 4014 1904 4083 Propter
1934 4015 2037 4070 hoc

440 4102 722 4157 Paalutista
755 4114 937 4159 ostntat
978 4108 1293 4175 prophetico
1342 4107 1529 4174 spiritu
1562 4125 1574 4158 :
1606 4104 1855 4159 Dominus
1898 4108 2038 4161 dabit

440 4195 839 4267 benignitatem,
897 4207 943 4249 et
1010 4207 1146 4250 terra
1201 4206 1375 4250 nostra
1424 4196 1563 4250 dabit
1616 4198 1843 4263 fructum
1886 4214 2037 4253 suum

440 4282 613 4357 (Psul.
636 4286 878 4351 Lxxxtv,i
894 4287 968 4358 5),
985 4288 1103 4356 quia
1128 4287 1179 4339 in
1203 4284 1481 4339 manifesta
1498 4286 1715 4339 cat'nisa
1734 4302 1793 4341 se
1806 4298 2037 4356 accepta:

440 4379 763 4446 substantia,
800 4380 961 4435 Maria
1017 4381 1200 4449 genuit
1256 4379 1539 4435 Dominum
1598 4396 1777 4435 suum.
1806 4380 1937 4435 Nam
1991 4382 2036 4436 si

440 4468 656 4521 aliunde
685 4484 813 4523 caro
848 4470 1044 4524 Christi
1082 4480 1414 4534 nasceretur,
1451 4482 1613 4535 terra,
1645 4472 1696 4526 id
1723 4483 1807 4527 est
1837 4472 2029 4541 Maria,

2138 3275 2456 3332 concubitus
2484 3278 2763 3343 maritalis,
2787 3285 2843 3331 ut
2872 3294 2977 3334 non
3001 3280 3072 3332 sit
3096 3280 3311 3346 quidem
3338 3295 3469 3335 earo
3504 3283 3732 3351 peccati,

2140 3368 2261 3436 quia
2289 3380 2417 3421 caro
2439 3377 2520 3421 est
2544 3366 2666 3433 Dei;
2697 3368 2766 3420 sit
2797 3378 2974 3423 tamen
2996 3369 3287 3425 similitudo
3302 3372 3481 3426 carnis
3507 3375 3731 3440 peccati,

2141 3456 2265 3526 quia
2295 3456 2561 3511 veraciter
2611 3466 2732 3511 nata
2786 3469 2864 3511 est
2922 3459 2988 3513 de
3041 3475 3206 3515 carne
3252 3462 3464 3515 mortali
3501 3479 3511 3513 :
3544 3466 3732 3517 merito

2139 3547 2301 3601 etiam
2332 3548 2606 3616 mortalis,
2635 3550 2756 3618 quia
2790 3551 3067 3603 materiam
3101 3552 3259 3603 traxit
3298 3552 3367 3605 de
3392 3566 3561 3609 carne
3592 3570 3731 3607 inor-

2145 3638 2257 3692 tali.
2290 3639 2344 3694 in
2375 3655 2538 3694 carne
2568 3639 2707 3693 enim
2749 3656 2852 3694 non
2904 3640 3149 3695 habentis
3187 3642 3405 3695 omnino
3436 3653 3743 3726 peccatum\

2144 3746 2240 3799 per
2267 3748 2427 3800 quam
2470 3731 2689 3801 januam
2735 3731 3035 3785 voluntaria
3060 3747 3204 3786 mors
3232 3732 3505 3799 introiret,
3543 3732 3645 3787 nisi
3671 3736 3731 3789 de

2141 3838 2302 3876 carne
2330 3822 2446 3892 ejus
2481 3833 2795 3877 nasceretur
2842 3822 2926 3877 cui
2966 3824 3135 3892 potuit
3164 3826 3335 3879 inesse
3372 3836 3653 3894 peccaturo
3681 3835 3731 3881 et

2143 3928 2237 3982 per
2269 3921 2546 3982 peccatum
2582 3913 2767 3966 mors?
2792 3912 3005 3967 Plenius
3036 3914 3134 3968 hoc
3166 3914 3360 3969 lucidis
3392 3916 3731 3971 sermonibus

2141 4007 2494 4074 esplieemus.
2527 4004 2666 4061 Caro
2689 4004 2886 4061 Christi
2940 4023 3048 4061 non
3093 4016 3209 4061 erat
3254 4008 3309 4061 in
3354 4009 3729 4079 iniquitatibus

2142 4108 2402 4166 concepta
2435 4116 2449 4149 :
2483 4108 2698 4166 propter
2727 4098 2853 4167 quid
2890 4114 3016 4168 ergo
3040 4099 3401 4154 conditionem
3437 4102 3627 4156 mortis
3654 4103 3725 4155 vi-

2141 4187 2297 4243 detur
2324 4190 2582 4259 experta?
2604 4189 2879 4244 Manifeste
2901 4192 3117 4256 scimus,
3141 4206 3245 4245 non
3276 4192 3621 4257 necessitate,
3644 4190 3732 4248 sed

2142 4282 2413 4336 Voluntate
2438 4297 2532 4349 pro
2556 4281 2708 4336 nobis
2736 4293 3004 4337 mortuum
3030 4282 3193 4338 fuisse
3228 4281 3414 4338 Filium
3446 4285 3563 4339 Dei.
3604 4288 3729 4340 San-

2141 4383 2260 4428 ctus
2290 4383 2466 4427 tamen
2500 4373 2654 4429 testis
2682 4374 3062 4443 rstApostolus
3095 4375 3331 4440 veritati,
3365 4378 3636 4432 veraciter
3657 4378 3729 4431 di-

2140 4480 2272 4520 cens
2301 4483 2314 4519 :
2352 4464 2453 4519 Per
2486 4482 2641 4518 unum
2676 4466 2929 4520 hominem
2976 4478 3237 4535 peccatum
3259 4468 3469 4521 intrarit
3498 4469 3553 4521 in
3586 4485 3729 4521 mun-

442 4560 752 4616 nullatenus
798 4564 953 4618 daret
997 4564 1223 4618 fructum
1264 4580 1443 4629 suum,
1485 4565 1579 4619 sed
1630 4565 1898 4629 alienum;
1934 4581 2031 4621 nec
2061 4566 2114 4630 D
2139 4559 2283 4625 dum.
2306 4566 2351 4613 ει
2379 4576 2468 4628 Ρθν
2488 4569 2751 4629 Peccatum
2778 4575 2913 4613 ηιονδ
2939 4557 3316 4631 (Rom-v.13).
3347 4559 3403 4614 1η
3437 4560 3539 4615 ista
3571 4574 3728 4615 03706

443 4653 636 4706 iterum
671 4665 887 4708 sanctus
916 4656 1202 4724 Apostolus
1244 4671 1426 4709 semen
1481 4655 1709 4710 Abrahae
1760 4654 2033 4709 Christum

440 4761 563 4800 esse
589 4744 935 4813 signiﬁcaret,
970 4746 1041 4800 ita
1063 4747 1286 4816 loquens
1316 4765 1328 4798 :
1362 4748 1578 4800 Abra/ne
1602 4748 1753 4801 dicite
1772 4759 1889 4802 sunt
1920 4765 2037 4813 pro-

453 4837 735 4901 -nissiones,
768 4846 815 4890 et
859 4838 1042 4890 semini
1087 4840 1219 4909 ejus.
1247 4837 1369 4891 Non
1402 4839 1527 4892 dicit
1576 4854 1595 4892 :
1640 4850 1686 4891 et
1734 4839 2033 4909 seminibus,

449 4930 593 4997 quasi
621 4930 671 4982 in
700 4929 913 4994 multis;
942 4932 1051 4993 scd,
1078 4942 1317 5001 tanquam
1364 4932 1415 4983 in
1455 4948 1554 4984 uno
1587 4950 1604 4988 :
1635 4943 1680 4985 rt
1711 4933 1890 4986 semini
1926 4944 2033 5000 tuo,

442 5020 579 5088 quod
605 5030 676 5072 est
706 5018 935 5074 Christus
967 5020 1112 5091 (Cal.
1144 5038 1222 5088 ιιι,
1260 5020 1371 5090 lii).
1429 5022 1562 5087 Quid
1595 5024 1865 5089 apertius?
1896 5025 2035 5087 Quid

445 5107 787 5163 evidentius?
816 5109 1002 5164 Nonne
1042 5112 1119 5165 sic
1163 5121 1215 5164 et
1264 5127 1447 5164 semen
1492 5112 1721 5166 Abraha:
1766 5114 2034 5180 Christus,

445 5201 714 5271 quomodo
741 5218 802 5255 et
838 5203 1043 5258 semine
1077 5203 1240 5256 David
1280 5214 1498 5271 propter
1524 5204 1767 5267 Mariam,
1804 5222 1901 5273 per
1932 5206 2039 5259 Ma-

452 5292 600 5354 riam,
627 5293 691 5345 de
723 5292 916 5346 Matii?
943 5295 1117 5350 Tollat
1146 5297 1336 5365 impius
1358 5297 1656 5364 disputator
1682 5296 1898 5351 Christo
1928 5312 2039 5350 ma-

451 5383 637 5437 teriam
660 5384 1025 5452 carnis,quatn
1053 5388 1213 5441 Miria
1242 5389 1580 5455 ministravit,
1606 5399 1659 5443 et
1691 5388 1882 5443 doceat
1907 5404 2040 5454 quo-

451 5473 609 5525 modo
631 5482 907 5527 estscmcn
927 5475 1434 5541 AbraiimChristus,
1459 5490 1550 5531 aut
1582 5481 1852 5548 quintode
1872 5480 2041 5534 factus

446 5571 529 5614 cst
544 5576 607 5614 ex
630 5563 831 5617 semine
850 5563 1031 5619 D..vid.
1046 5567 1291 5637 Nunquid
1305 5570 1572 5636 snperﬂuo
1587 5581 1920 5625 sacramento
1934 5587 2046 5626 ver-

449 5638 697 5705 naculum
724 5653 994 5722 proprium
1025 5656 1192 5710 ﬁdelis
1210 5661 1474 5713 Abraham
1498 5661 1866 5732 constringere
1898 5664 2041 5717 vide-

452 5741 627 5807 batur,
642 5743 855 5812 quando
890 5744 1076 5813 plenus
1101 5748 1225 5813 ﬁde,
1247 5754 1674 5819 praesciusetiam
1700 5752 1993 5809 futurorum
2024 5770 2036 5807 :

451 5829 621 5901 Mitte,
653 5833 847 5900 aiebat,
884 5852 1089 5890 manum
1128 5846 1266 5893 tuum
1304 5843 1395 5896 sub
1433 5854 1598 5916 rem,"
1633 5873 1817 5922 ,ιιι-αν,
1855 5865 1895 5909 ,ει
1920 5849 2038 5917 ίπα

2142 4647 2341 4703 Christi
2361 4658 2638 4719 peccatum
2686 4664 2789 4703 non
2836 4650 3069 4705 intravit.
3103 4650 3255 4706 Unde
3280 4666 3450 4717 mors,
3482 4652 3729 4721 quamvis

2143 4742 2440 4797 Voluntaria
2487 4741 2847 4805 subintroivit,
2878 4742 2977 4795 nisi
3030 4742 3154 4811 quia
3200 4759 3323 4798 cum
3363 4744 3483 4799 sine
3510 4755 3729 4813 peccato

2144 4835 2292 4889 nasci
2322 4834 2498 4890 divina
2535 4834 2659 4890 iecit
2708 4836 2965 4903 potentia,
2985 4835 3103 4890 sine
3136 4848 3357 4907 peccato
3388 4851 3568 4894 autem
3597 4838 3729 4897 mori

2141 4924 2319 4978 divina
2353 4925 2476 4979 fecit
2504 4926 2907 4980 misericordia?
2941 4927 3319 4983 Verumtamen
3348 4946 3443 4999 per
3466 4932 3570 4986 hoc
3591 4930 3727 5001 quod

2144 5018 2195 5071 in
2226 5018 2314 5073 illo
2340 5016 2435 5075 iuit
2460 5029 2694 5073 materna
2716 5020 3029 5084 substantia,
3055 5022 3197 5076 nullo
3219 5023 3406 5076 meliu-
3430 5023 3728 5080 documen-

2149 5118 2200 5161 to
2260 5109 2572 5179 probabitur
2623 5110 2869 5166 Christus
2906 5111 3156 5167 habuisse
3186 5127 3406 5168 carnem
3456 5114 3525 5169 de
3566 5126 3729 5171 matre

2144 5208 2314 5253 murta
2342 5198 2378 5264 i,
2406 5200 2508 5256 ηἰμὶ
2560 5217 2655 5271 per
2695 5203 3014 5269 supplicium
3047 5204 3257 5257 mortis.
3290 5203 3469 5258 Gratia
3513 5206 3611 5269 illi.
3645 5205 3731 5277 qui

2145 5291 2320 5346 carnis
2354 5294 2598 5347 humanae
2621 5294 2964 5361 suscipiendo
2988 5307 3229 5349 naturam
3262 5297 3380 5350 sine
3410 5297 3596 5367 culpa,
3624 5313 3729 5352 non

2150 5395 2326 5439 tamen
2378 5388 2494 5440 sine
2537 5401 2691 5454 poma
2733 5388 2940 5456 cuipam
2976 5390 3245 5442 removit:
3282 5404 3495 5457 poenam
3540 5391 3731 5453 ﬁnivit.

2146 5486 2199 5529 et
2249 5487 2492 5532 naturain
2537 5479 2767 5542 sanavit,
2796 5488 2851 5532 ut
2872 5482 2992 5548 quia
3044 5481 3323 5535 nobiscum
3354 5490 3436 5536 est
3462 5482 3512 5536 ei
3544 5492 3732 5537 natura

2146 5570 2464 5624 communis.
2488 5570 2780 5638 Oportebat
2802 5587 3029 5641 namque
3047 5588 3189 5637 eum,
3208 5572 3348 5626 sicut
3370 5574 3731 5639 sacerdment,

2147 5659 2286 5727 quod
2332 5676 2424 5727 pro
2450 5659 2600 5713 nobis
2627 5660 2846 5717 oﬂ'erret
2870 5703 2885 5727 ,
2914 5679 2941 5714 a
2988 5664 3141 5717 nobis
3169 5665 3454 5731 accipere;
3484 5663 3731 5719 siautem

2149 5768 2253 5804 non
2281 5753 2483 5817 accepit
2519 5767 2582 5806 cx
2618 5754 2781 5807 Maria
2819 5756 2996 5808 carnis
3028 5754 3339 5818 materiam,
3377 5771 3484 5809 non
3525 5754 3731 5819 accepit

2146 5858 2174 5896 a
2207 5843 2358 5899 nobis
2384 5844 2523 5914 quod
2558 5854 2737 5915 posset
2795 5845 2985 5902 otiet're
3023 5859 3119 5915 pro
3159 5842 3341 5910 nobis;
3368 5853 3425 5900 et
3464 5842 3732 5916 quomodo
