3998 6202
252 338 362 394 893

1421 341 1783 402 EPISTOLIE
1814 341 1901 396 ΕΤ
1942 343 2317 405 OPUSCULA.

3423 369 3525 426 89-!

255 468 397 537 fungi
448 467 620 535 potuit
661 465 978 535 sempiterni
1025 477 1249 518 munere
1279 461 1615 516 sacerdotis?
1642 461 1835 514 Sacer-
1865 459 1910 517 A
1944 460 2114 517 factus
2136 472 2220 520 est
2249 465 2408 521 homo
2432 468 2625 534 justus,
2659 476 2711 523 et
2750 468 2951 524 homini
2985 477 3251 540 peccatori
3280 484 3526 538 reconci-

249 558 359 611 doti
391 564 578 611 nostro
616 570 716 611 nos
741 556 975 622 oportuit
1001 552 1378 608 immolandam
1414 553 1525 607 Deo
1560 551 1832 605 victimam

249 649 413 712 dare;
447 645 833 719 Filiusvautem
884 646 976 700 Dei
1028 645 1202 700 Patris
1231 645 1563 716 unigenitus,
1591 645 1642 697 in
1671 650 1834 698 carne

252 740 463 795 mortali
485 740 739 797 sacerdos
767 751 947 795 noster
967 738 1214 804 effectus,
1243 753 1351 794 non
1375 752 1586 803 aurum,
1612 753 1718 792 non
1749 753 1832 791 ar-

252 815 498 899 gentum,
528 846 633 884 non
662 830 928 885 hircorum
958 833 1296 901 sanguinem,
1320 832 1415 886 sed
1460 845 1655 898 corpus
1678 830 1835 883 obtu-

252 924 311 977 lit
336 924 632 991 prepﬁum.
669 923 895 977 Victima
926 940 1058 995 ergo
1086 936 1291 994 nostra,
1322 938 1522 992 corpus
1567 931 1653 977 est
1679 921 1831 991 ejus;

252 1025 309 1070 et
333 1018 376 1069 si
407 1031 604 1085 corpus
632 1015 751 1084 ejus
778 1017 1016 1086 accepit,
1048 1032 1077 1070 a
1121 1017 1275 1072 noh's
1311 1017 1490 1084 itaque
1517 1026 1714 1083 corpus
1743 1028 1833 1067 ac-

250 1111 426 1177 cepit;
454 1116 509 1162 et
564 1106 665 1162 hoc
689 1118 813 1162 tunc
845 1110 1071 1179 accepit,
1104 1110 1320 1177 quando
1348 1123 1469 1163 eum
1497 1114 1682 1163 sancta
1726 1106 1837 1160 Ma-

253 1199 329 1254 ria
371 1201 639 1269 concepit.
690 1198 1171 1255 Consubstantialis
1227 1201 1449 1267 proinde
1505 1198 1659 1253 matri
1711 1213 1833 1253 cre-

250 1291 457 1350 dendus
507 1302 611 1357 est,
664 1293 802 1346 sicut
856 1291 1328 1347 consubstantialis
1375 1299 1458 1344 est
1489 1289 1656 1343 Patri.
1685 1288 1835 1343 Con-

249 1380 619 1436 substantialis
671 1381 832 1434 etiam
903 1380 1056 1434 matri
1117 1381 1279 1435 etiam
1346 1380 1501 1434 nobis
1562 1379 1831 1433 diabolum

251 1475 431 1529 vicit:
481 1473 603 1529 ideo
659 1473 726 1528 de
792 1474 1113 1539 captivitatis
1178 1473 1442 1542 profundo
1509 1479 1679 1525 totum
1743 1485 1837 1538 ge-

251 1582 354 1621 nus
380 1566 654 1621 hominum
688 1566 998 1621 misericors
1023 1565 1274 1620 elevavit.
1315 1564 1497 1619 Victus
1525 1574 1609 1618 est
1636 1563 1835 1627 Adam,

252 1657 527 1712 bianditiis
580 1657 931 1711 muliebribus
973 1657 1041 1710 de
1090 1656 1236 1726 ligno
1281 1659 1448 1710 vetito
1495 1656 1658 1710 edere
1711 1671 1830 1722 per-

249 1762 468 1813 suasus;
518 1748 644 1801 vicit
686 1746 951 1811 Christus,
984 1747 1164 1801 furore
1210 1746 1432 1801 Judaico
1476 1756 1532 1801 et
1576 1746 1833 1800 clamori-

1940 553 2095 608 liatus
2108 566 2189 609 est
2215 556 2374 611 Deus.
2396 557 2588 613 Factus
2606 569 2686 613 est
2710 561 2846 615 Deus
2876 565 3017 631 quod
3048 581 3154 619 non
3183 577 3318 633 erat,
3339 570 3522 637 humu;

1937 652 1992 695 ct
2039 644 2208 703 factus
2261 655 2349 700 est:
2392 645 2551 701 homo
2603 648 2851 725 simil-iter
2895 652 3035 719 quod
3091 669 3199 707 non
3245 666 3381 721 erat,
3407 660 3527 729 jus-

1939 744 2043 788 tus.
2074 735 2127 789 Si
2158 745 2335 789 autem
2358 738 2536 805 justus
2555 738 2693 794 Deus
2712 740 2789 794 ita
2803 740 2939 795 forte
2962 742 3111 799 fleret
3144 745 3304 800 homo
3323 750 3523 819 justus,

1939 835 1995 879 ut
2025 841 2129 883 non
2161 827 2278 896 ejus
2315 840 2458 884 esset
2495 830 2981 901 substantizeenjus
3008 834 3179 889 fuerat
3202 839 3361 893 homo
3392 856 3521 910 pec—

1936 927 2232 982 cator,nec
2261 919 2481 975 haberet
2527 921 2725 992 aliquid
2775 927 3047 993 proprium
3090 928 3172 983 de
3222 930 3524 989 substantia

1938 1012 2257 1077 peccatoris,
2288 1010 2344 1066 in
2388 1022 2649 1068 aeternum
2700 1028 2997 1072 remaneret
3042 1021 3202 1073 homo
3252 1036 3521 1088 peccator.

1944 1101 2093 1156 Nunc
2123 1112 2249 1158 vero
2282 1118 2378 1172 per
2404 1105 2812 1161 similitudinem
2849 1109 3168 1165 substantiae
3197 1113 3370 1168 etl‘ecti
3403 1130 3524 1181 par-

1939 1193 2126 1262 ticipes
2153 1194 2339 1260 gratia:
2356 1238 2375 1261 ,
2400 1195 2675 1260 justiﬁeati
2701 1211 2886 1252 sumus
2909 1197 2961 1252 in
2986 1200 3077 1254 illo
3104 1201 3381 1273 u‘nigenito
3412 1206 3533 1262 Deo

1937 1284 2026 1350 qui
2077 1299 2172 1352 pro
2214 1285 2367 1338 nobis
2400 1285 2512 1339 ﬁeri
2548 1287 2719 1342 voluit
2745 1288 2909 1345 homo
2937 1291 3129 1346 similis
3160 1294 3335 1348 nobis.
3368 1296 3522 1353 Unde

1936 1376 2098 1431 etiam
2137 1377 2511 1432 sanctissimus
2558 1379 2753 1434 Paulus
2790 1382 3176 1440 incarnationis
3208 1390 3521 1458 mysterium

1939 1478 2204 1533 tractans,
2231 1470 2302 1523 ita
2334 1471 2402 1525 de
2432 1471 2649 1527 Christo
2677 1473 2912 1542 loquitur
2939 1476 3009 1530 ad
3049 1476 3340 1535 ilebrzeos:
3375 1480 3523 1537 Nus-

1935 1576 2089 1629 quam
2115 1562 2252 1615 enim
2275 1562 2485 1631 angelos
2510 1563 2868 1632 apprehendit,
2886 1567 2979 1620 sed
2997 1584 3165 1622 semen
3191 1570 3413 1626 Abralue
3436 1590 3522 1641 ap-

1938 1652 2223 1719 prehendit.
2260 1652 2409 1707 Unde
2443 1654 2617 1709 debuit
2658 1672 2749 1725 per
2787 1660 2957 1710 omnia
2997 1660 3243 1728 fratribus
3276 1664 3520 1732 similari,

1938 1751 1995 1795 ut
2021 1744 2303 1798 misericors
2333 1745 2477 1811 ﬁeret
2504 1755 2552 1799 et
2577 1746 2747 1814 ﬁdelis
2778 1749 3008 1817 pontifex
3033 1751 3103 1803 ad
3138 1751 3303 1806 Deum
3347 1764 3402 1807 ut
3440 1771 3521 1810 re-

248 1839 349 1893 bus
378 1840 433 1891 iu
467 1839 702 1907 patibulo
724 1838 852 1908 ligni
883 1851 1197 1907 suspensus.
1227 1838 1363 1905 Quid
1415 1837 1633 1905 prodest
1660 1838 1826 1890 Adam
1862 1826 1909 1887 Β
1932 1838 2228 1907 propitiant
2259 1838 2444 1892 delicta
2476 1838 2655 1908 populi
2682 1838 2867 1909 (Hebr.
2911 1856 2969 1907 ti,
2999 1841 3065 1893 1σὶ
3088 1883 3104 1910 ,
3137 1844 3246 1913 17).
3278 1847 3408 1912 Quis
3434 1863 3518 1901 ea-

248 1931 443 1985 Christi
472 1932 708 1997 victoria,
736 1934 780 1985 si
810 1948 915 1987 non
944 1941 1024 1986 est
1046 1932 1162 1999 ejus
1188 1932 1240 1985 in
1263 1930 1475 1985 Christo
1494 1930 1828 1985 substantia?

247 2032 297 2077 et
331 2022 605 2091 quomodo
634 2023 684 2077 id
721 2023 837 2077 ﬁeri
889 2023 1079 2092 putuit,
1120 2023 1220 2077 nisi
1266 2037 1391 2076 eum
1436 2022 1514 2076 sic
1558 2022 1837 2093 genuisset

248 2114 410 2182 Virgo
441 2115 623 2180 Maria,
652 2125 709 2169 ut
742 2115 1003 2183 praeberet
1029 2114 1079 2169 ei
1100 2116 1216 2169 sine
1244 2114 1524 2184 iniquitate
1553 2114 1829 2168 materiam

244 2208 442 2273 Carnis,
478 2210 530 2262 in
560 2225 661 2278 qtta
697 2210 841 2263 nasci
868 2210 1233 2276 temporalitcr
1259 2222 1439 2281 posset
1468 2218 1521 2264 et
1541 2208 1689 2278 pati?

312 2300 368 2354 5.
412 2301 502 2357 Sic
529 2298 772 2367 omnino,
800 2302 878 2356 sic
925 2303 1263 2358 sentiendum
1300 2304 1431 2357 ﬁdes
1461 2302 1715 2356 admonet
1740 2315 1831 2354 ve-

242 2400 322 2453 ra,
346 2388 618 2444 Christum
664 2405 860 2459 corpus
909 2390 1161 2446 habuisse
1190 2406 1397 2456 verum,
1429 2405 1538 2444 non
1584 2404 1825 2453 aereum,

242 2496 348 2535 non
379 2482 789 2550 phantasticum,
824 2497 931 2537 non
971 2467 1186 2538 aliunde
1237 2483 1550 2548 formatum,
1571 2482 1667 2536 sed
1699 2495 1823 2535 car-

242 2587 404 2626 neum
426 2588 442 2637 ;
464 2572 530 2627 de
555 2588 720 2630 carne
743 2573 971 2644 Virginis
996 2584 1266 2643 sumptum
1293 2614 1311 2640 ,
1343 2574 1473 2628 licet
1502 2587 1610 2628 non
1634 2586 1829 2628 carna-

241 2664 363 2719 liter
389 2671 710 2723 seminatnm
730 2710 746 2734 ,
776 2669 1051 2724 rationalis
1077 2670 1268 2722 animae
1307 2667 1658 2734 inspiratione
1686 2666 1825 2720 vivi-

240 2757 618 2822 ﬁcatum;t:ile
663 2761 819 2829 quale
866 2774 966 2815 nos
1016 2761 1294 2824 habemus,
1326 2760 1528 2828 absque
1573 2767 1820 2826 peccato;

238 2849 347 2901 tate
373 2850 427 2902 in
457 2865 563 2918 quo
594 2850 837 2905 diabolus
867 2851 1160 2918 falleretur,
1194 2858 1250 2903 ut
1271 2858 1461 2918 putans
1488 2860 1691 2914 escam,
1723 2848 1823 2902 de-

236 2938 455 3006 glutiret
473 2940 707 2994 hamum.
726 2940 975 2996 Diabolus
994 2942 1136 2995 enim
1159 2940 1261 2995 nisi
1290 2940 1496 2995 videret
1524 2939 1576 2993 in
1600 2940 1820 2994 Christo

237 3025 515 3082 Salvatore
561 3043 747 3083 verum
795 3042 991 3100 corpus
1032 3040 1087 3085 et
1140 3031 1295 3084 matri
1342 3031 1817 3097 conSubstantiale,

237 3133 341 3173 nec
394 3128 598 3175 lentare
643 3123 884 3188 auderet,
915 3136 1012 3178 nec
1035 3123 1302 3179 occidere.
1324 3123 1589 3179 Praeterea
1628 3126 1680 3178 in
1712 3139 1818 3193 quo

237 3209 370 3265 nihil
396 3227 548 3267 suum
580 3214 810 3281 videbat,
844 3216 959 3284 ipso
990 3216 1214 3272 Domino
1242 3216 1535 3297 discipulis.
1554 3216 1663 3270 suis
1694 3232 1818 3271 nar-
1848 3188 1893 3250 Ο

237 3319 391 3362 rante
425 3327 436 3359 :
467 3306 595 3361 Ecce
615 3308 774 3361 veniet
794 3307 1027 3377 princeps
1054 3310 1229 3361 mundi
1253 3310 1409 3381 hujus
1434 3351 1448 3373 ,
1476 3320 1521 3363 et
1552 3311 1605 3362 in
1635 3326 1712 3362 me
1739 3311 1819 3364 in-

236 3399 397 3451 reniet
442 3398 569 3450 nihil
618 3398 796 3463 (Joan.
831 3414 939 3458 xxv,
970 3397 1086 3467 50),
1144 3401 1331 3468 utique
1374 3400 1574 3467 peccati
1634 3418 1647 3455 :
1697 3416 1818 3455 nam

237 3493 391 3561 plena
420 3492 470 3544 in
500 3492 586 3544 illo
614 3492 710 3546 fuit
738 3500 927 3546 natura
956 3493 1161 3555 matris,
1209 3493 1262 3547 id
1307 3503 1387 3547 est
1419 3502 1633 3557 nostra;
1660 3510 1816 3561 quam

240 3582 385 3636 velut
414 3584 513 3638 s‘bi
545 3583 740 3650 aliquid
773 3583 1015 3648 deberet,
1041 3583 1292 3652 antiquus
1322 3585 1409 3638 ille
1436 3585 1636 3652 peci-aii
1672 3586 1818 3641 fene-

245 3680 415 3727 rator
444 3676 654 3741 invasit,
689 3675 967 3741 crucifixit,
995 3676 1183 3729 occidit
1213 3693 1227 3739 ;
1288 3687 1341 3730 et
1383 3691 1479 3743 per
1528 3676 1817 3730 indebitam

236 3763 598 3829 exactionem,
623 3765 875 3832 quidquid
903 3764 951 3819 ei
976 3764 1270 3820 debebatur
1298 3765 1516 3819 amisit:
1554 3766 1695 3832 juste
1741 3767 1815 3819 vi-

235 3866 356 3907 etus
397 3864 449 3907 et
476 3852 616 3920 juste
644 3855 858 3923 punitus
884 3872 898 3920 ;
931 3858 1050 3924 quia
1081 3871 1141 3910 ea
1189 3870 1316 3909 caro
1345 3855 1473 3910 vicit
1504 3856 1554 3908 in
1577 3857 1816 3931 Christo,

236 3958 358 4013 qua:
393 3944 525 3999 victa
569 3945 738 3998 fuerat
780 3946 833 3999 in
884 3946 1077 3999 Adam.
1108 3947 1231 3999 Hice
1262 3960 1492 4015 namque
1525 3946 1621 4000 fuit
1667 3948 1820 4015 justi-

236 4036 307 4089 tia
345 4035 464 4094 Dei.
504 4046 558 4089 ut
595 4051 688 4103 per
717 4038 860 4090 itlam
894 4050 1110 4091 carnem
1146 4039 1333 4091 mortis
1364 4048 1549 4092 auctor
1579 4039 1820 4092 vincere-

234 4136 327 4180 tur
347 4126 401 4179 in
423 4126 634 4181 ChriSto
652 4142 839 4196 ,quam
856 4128 1059 4180 vici-rat
1076 4128 1129 4181 in
1146 4127 1311 4180 Adam
1332 4172 1344 4193 ,
1372 4138 1423 4181 et
1446 4129 1535 4182 illa
1561 4143 1685 4182 caro
1702 4129 1819 4182 sine

236 4230 459 4285 peccato
479 4228 798 4281 moreretur,
829 4229 883 4270 ut
907 4218 1175 4273 deleretur
1196 4232 1357 4273 omne
1385 4230 1678 4286 peceatum.
1700 4235 1819 4288 quin

234 4308 413 4360 fuerat
430 4320 633 4362 mortua
658 4324 751 4377 per
770 4319 1039 4377 peceatum
1068 4308 1414 4363 :miraiziliter
1429 4320 1682 4377 operante
1701 4325 1823 4378 gra-

234 4403 311 4464 tia
341 4401 655 4466 Salvatoris,
689 4410 747 4454 ut
773 4416 917 4455 mors
947 4416 1118 4468 pinna:
1144 4403 1343 4469 peccati
1374 4402 1636 4455 medicina
1672 4403 1824 4457 fieret

235 4502 424 4561 postea
470 4504 830 4562 peccatorum.
859 4494 1101 4548 Peccavit
1133 4494 1328 4559 Adam,
1361 4502 1413 4547 et
1439 4502 1681 4548 mortuus
1712 4504 1817 4559 est,

1935 1928 2085 1995 pituli
2110 1928 2266 1995 huius
2284 1929 2556 1997 explicare
2582 1931 2758 1998 dignis
2780 1933 3126 1987 sermonibus
3154 1938 3329 1991 valeat
3361 1939 3521 1995 intel-

1934 2019 2167 2073 lectum?
2198 2017 2384 2071 Debuit
2444 2020 2636 2087 inquit,
2660 2037 2752 2091 per
2787 2026 2962 2077 omnia
3000 2029 3251 2095 fratribus
3275 2030 3518 2090 similuri.

1931 2111 1974 2163 Ο
2002 2110 2180 2164 stulta:
2226 2110 2446 2165 heresis
2477 2111 2727 2179 imperite
2753 2114 3032 2171 defensor!
3066 2123 3336 2187 quomodo
3365 2136 3519 2189 pote-

1933 2202 1999 2254 rit
2018 2200 2265 2255 Christus
2294 2202 2553 2255 fratribus
2591 2204 2815 2258 similari
2864 2216 2960 2272 per
2989 2211 3191 2277 omnia,
3217 2213 3267 2267 si
3292 2213 3519 2271 dissimi-

1933 2291 1997 2345 lis
2049 2290 2221 2346 fuerat
2274 2292 2327 2345 in
2375 2293 2705 2348 substantia?
2735 2296 3015 2361 Quomodo
3048 2301 3243 2355 similis
3298 2307 3519 2362 omnino

1928 2383 2030 2438 erit
2060 2382 2113 2436 in
2143 2382 2461 2449 substantia,
2504 2384 2604 2438 nisi
2658 2399 2876 2440 carnem
2930 2388 3272 2460 suscipiendo
3300 2396 3366 2450 de
3394 2397 3510 2452 Ma-

1929 2474 2040 2527 ria?
2074 2473 2296 2527 Desinat
2334 2487 2428 2528 eor
2471 2474 2754 2542 profanum
2780 2477 2902 2531 talia
2927 2481 3195 2535 meditari.
3227 2484 3326 2549 Qui
3357 2501 3516 2559 negat

1926 2566 2197 2621 Christum
2228 2568 2339 2622 veri
2370 2567 2463 2621 Dei
2491 2567 2684 2623 Filium
2715 2583 2901 2624 verum
2930 2574 3209 2629 veritatem
3240 2580 3419 2633 carnis
3448 2583 3517 2637 de

1928 2671 2050 2716 vera
2065 2667 2236 2713 matre
2256 2656 2577 2713 mirabiiiter
2596 2661 2975 2730 assumpsisse,
3000 2672 3164 2718 totum
3187 2668 3294 2720 vult
3313 2671 3516 2727 media-

1929 2751 2059 2809 toris
2104 2764 2376 2806 evacuare
2422 2751 2720 2820 negotium.
2746 2753 3007 2809 Mediator
3038 2757 3236 2826 quippe
3284 2777 3388 2814 non
3431 2770 3515 2820 est

1927 2840 2029 2895 nisi
2058 2841 2289 2896 duorum
2307 2881 2326 2906 ,
2350 2850 2489 2911 quos
2516 2856 2546 2894 a
2574 2857 2635 2897 se
2662 2843 2898 2899 invicem
2937 2858 3215 2916 separatos
3239 2859 3365 2905 tunc
3396 2853 3517 2921 ipse

1926 2932 2136 2986 medius
2176 2932 2457 2988 existendo
2494 2933 2594 2987 rite
2624 2948 2687 2987 ac
2728 2933 2955 2991 ﬁrmiter
2993 2941 3229 3007 copulat.
3262 2945 3305 2998 si
3352 2945 3512 3000 utris-

1923 3038 2029 3094 que
2077 3024 2150 3078 sit
2186 3024 2376 3077 similis
2424 3038 2518 3092 per
2555 3026 2929 3094 substantiam,
2962 3046 3095 3100 quos
3135 3034 3235 3088 sibi
3268 3035 3393 3092 facit
3419 3055 3511 3109 ap-

1925 3113 2289 3184 pmpinquare
2310 3128 2406 3183 per
2431 3116 2679 3184 gratiam.
2714 3117 2961 3173 Christus
2989 3129 3169 3176 autem
3200 3125 3292 3179 Dei
3328 3137 3382 3182 et
3414 3131 3511 3184 ho-

1924 3206 2130 3259 minum
2177 3206 2442 3260 mediator
2467 3208 2727 3276 existens,
2768 3209 2908 3264 sicut
2939 3210 3044 3266 Vas
3074 3214 3353 3273 electionis
3381 3220 3511 3275 insi.

1925 3306 2050 3350 nuat
2078 3313 2090 3348 :
2121 3294 2263 3350 Unus
2290 3295 2448 3361 Deus,
2496 3313 2629 3352 unus
2656 3309 2702 3352 et
2738 3302 2993 3355 mediator
3022 3303 3118 3358 Dei
3152 3314 3197 3359 et
3223 3308 3507 3380 hominum,

1923 3387 2073 3441 hamo
2097 3385 2329 3442 Christus
2347 3386 2496 3442 Iesus
2518 3388 2568 3457 (I
2597 3390 2727 3445 Tim.
2755 3408 2815 3461 tt,
2839 3394 2918 3461 5);
2946 3396 2990 3450 si
3016 3411 3120 3451 non
3142 3396 3221 3452 sic
3243 3409 3324 3454 e-t
3347 3401 3511 3460 homo

1923 3481 1991 3535 de
2015 3481 2253 3545 homine,
2292 3483 2565 3547 quomodo
2599 3484 2740 3539 Deus
2789 3487 2857 3541 de
2902 3488 3057 3544 Deo?
3084 3491 3129 3545 si
3160 3508 3266 3547 non
3312 3494 3392 3550 sic
3428 3505 3510 3551 est

1922 3573 2396 3629 oodsubstantialis
2425 3575 2623 3629 homini
2652 3581 2831 3643 matri,
2864 3586 3133 3649 quomodo
3163 3589 3510 3643 consubstan-

1926 3665 2068 3719 tialis
2098 3673 2181 3719 est
2213 3664 2325 3720 Deo
2351 3664 2528 3718 Patri?
2548 3666 2603 3719 Si
2634 3668 2927 3723 substantia
2984 3672 3102 3741 ejus
3157 3674 3338 3730 dii-ina
3389 3694 3509 3732 cum

1926 3756 2037 3809 Deo
2061 3759 2365 3810 communis
2395 3766 2499 3819 εει,
2534 3758 2832 3812 substantia
2858 3776 2989 3815 vero
3018 3764 3247 3820 humana
3280 3784 3384 3822 non
3416 3784 3508 3837 pu-

1927 3856 2070 3901 tatur
2097 3861 2216 3900 eum
2260 3848 2566 3902 hominibus
2595 3865 2717 3903 esse
2740 3854 3061 3918 communis,
3090 3855 3359 3912 incassum
3405 3875 3510 3915 me-

1925 3939 2146 3993 diatoris
2184 3939 2270 3994 vel
2315 3953 2595 4006 personam
2627 3946 2823 4009 portat”,
2855 3942 2940 3995 vel
2963 3942 3195 3998 officium
3224 3949 3385 4016 gerit.
3414 3950 3509 4006 Ve.

1926 4041 2227 4085 rumtamen
2257 4031 2379 4100 quia
2410 4032 2489 4085 sic
2514 4042 2595 4085 est
2633 4033 2896 4088 mediator
2923 4044 2981 4089 ut
3010 4048 3168 4092 verus
3212 4038 3281 4093 sit
3308 4043 3511 4097 media-

1928 4131 2011 4177 tor
2028 4134 2085 4178 et
2120 4123 2261 4178 Patri
2286 4133 2341 4179 et
2386 4125 2567 4191 matri,
2599 4137 2653 4181 et
2694 4127 2803 4181 Deo
2846 4136 2897 4182 et
2945 4128 3253 4186 hominibus
3282 4138 3509 4189 consub-

1927 4215 2190 4269 stzmtialis
2218 4225 2339 4280 est;
2380 4230 2442 4271 ac
2491 4231 2585 4285 per
2636 4218 2737 4273 hoc
2786 4234 2892 4273 non
2934 4221 3123 4288 unius,
3164 4226 3256 4278 sed
3288 4225 3515 4282 duarum

1928 4306 2087 4375 plane
2112 4307 2531 4362 substantiarum
2558 4348 2573 4374 ,
2604 4311 2726 4378 quia
2772 4320 3042 4381 nuuquam
3067 4314 3333 4371 mediator
3358 4320 3519 4374 unius

1930 4410 2103 4468 petest
2126 4415 2246 4455 eSSe
2276 4402 2607 4455 suhSIsntize.

1998 4492 2051 4545 6.
2090 4492 2221 4547 Vide
2249 4534 2264 4558 ,
2316 4493 2478 4547 frater
2528 4496 2868 4551 sanctissime
2897 4538 2912 4561 ,
2957 4513 3116 4567 quam
3162 4499 3389 4556 latenter
3439 4502 3515 4557 al.

234 4598 533 4655 oiunesiiue
557 4597 802 4656 posteros
847 4601 974 4640 suos
1015 4599 1229 4641 aeternae
1260 4588 1447 4640 mortis
1476 4586 1824 4653 compedibus
1853 4558 1907 4619 Ῑ)
1931 4586 2093 4639 terius
2118 4586 2432 4655 quaestionis
2464 4586 2624 4641 limi-n
2664 4589 2977 4647 intravimus
3003 4634 3017 4656 ,
3049 4592 3163 4662 ipsa
3187 4598 3412 4650 veritate
3436 4597 3513 4666 ja.

230 4677 506 4746 alligavit;
540 4687 778 4730 mortuus
814 4687 895 4731 est
938 4679 1203 4744 Christus,
1229 4689 1281 4733 et
1331 4680 1452 4749 quia
1487 4695 1592 4733 non
1634 4696 1822 4749 pecca-

231 4779 411 4834 verat,
432 4784 619 4825 omnes
650 4782 961 4838 peccatores
1003 4786 1032 4824 a
1079 4773 1267 4827 mmtis
1297 4771 1533 4827 dominio
1556 4774 1818 4827 liberavit.

230 4858 292 4914 Si
317 4874 445 4927 ergo
472 4860 576 4912 alia
601 4871 743 4914 esset
774 4871 960 4915 natura
978 4865 1173 4928 carnis,
1210 4864 1262 4918 in
1292 4878 1391 4933 qua
1423 4880 1526 4918 non
1553 4878 1814 4934 peccave-

232 4948 604 5015 ratChristus,
636 4960 691 5005 et
739 4963 981 5007 mortuus
1007 4962 1113 5019 est,
1148 4970 1252 5008 non
1284 4969 1377 5023 per
1402 4957 1688 5025 justitiam,
1721 4957 1817 5011 sed

231 5054 334 5105 per
366 5041 654 5106 potentiam
680 5042 921 5096 diabolus
952 5045 1273 5099 vinceretur.
1310 5045 1598 5115 Oportebat
1640 5058 1818 5103 autem

230 5147 335 5199 per
384 5132 641 5196 juStitiam
694 5134 853 5186 vinci.
904 5135 1113 5188 iustitia
1139 5152 1263 5188 vero
1295 5135 1408 5203 ipsa
1439 5137 1557 5202 fuit,
1586 5148 1645 5190 ut
1680 5140 1728 5191 iu
1759 5154 1820 5193 ea

223 5238 396 5277 carne
419 5228 620 5278 veniret
642 5224 990 5294 Redemptor,
1016 5243 1172 5294 quam
1202 5226 1400 5280 fet-erat
1426 5229 1690 5295 supplicio
1718 5229 1818 5282 ob-

225 5316 452 5370 noxiam
485 5330 761 5372 remanere
792 5326 1040 5372 tentatur.
1072 5317 1197 5372 ldeo
1224 5319 1366 5373 Deus
1399 5319 1559 5373 homo
1588 5321 1701 5373 ﬁeri
1726 5335 1817 5372 vo-

224 5410 357 5472 luit,
387 5419 442 5463 ut
470 5410 620 5465 facile
644 5416 802 5466 homo
831 5422 1009 5480 posset
1036 5410 1363 5465 reconciliari
1389 5411 1498 5466 Deo
1523 5427 1613 5477 per
1644 5412 1819 5465 humi-

222 5518 360 5557 tietn
404 5501 588 5555 Deum.
619 5504 949 5557 lnterDeum
981 5504 1175 5571 quippe
1209 5503 1412 5572 justum
1458 5513 1512 5557 et
1543 5504 1816 5561 hominem

225 5603 574 5664 peccatorem
624 5611 809 5664 magna
858 5596 1125 5664 separatio
1177 5598 1507 5665 centigoiat;
1539 5612 1638 5651 nec
1678 5596 1817 5650 Deus

222 5687 440 5744 homini
467 5690 737 5758 proximus
768 5700 884 5745 erat
905 5692 958 5743 in
978 5691 1299 5755 substantia,
1332 5705 1429 5744 nec
1453 5690 1598 5760 justo
1632 5705 1817 5757 pecca-

228 5792 323 5837 tor
367 5781 711 5852 coaptabatur
756 5783 808 5838 in
853 5782 1044 5854 gratia.
1076 5782 1217 5838 Deus
1264 5795 1392 5850 ergo
1430 5796 1490 5838 se
1519 5782 1812 5837 hutuiliaus

1931 4692 2065 4731 nuas
2093 4687 2382 4733 reseruate.
2406 4680 2537 4732 Dum
2568 4680 2815 4735 volumus
2836 4682 2978 4736 enim
3012 4696 3105 4751 per
3132 4685 3364 4740 ofﬁcium
3398 4703 3512 4749 tne-

1929 4768 2152 4823 diatoris
2176 4769 2439 4837 reperire,
2474 4769 2559 4824 vel
2598 4772 2775 4839 potius
2805 4772 3034 4839 probare
3066 4776 3380 4828 substantiae
3418 4776 3511 4829 hu—

1929 4871 2101 4914 manae
2153 4862 2567 4929 proprietatem,
2598 4860 3034 4929 similitudinem,
3082 4865 3399 4929 veritatem,
3445 4879 3516 4919 ne

1930 4950 2164 5019 Virginis
2182 4953 2369 5007 matris
2400 4962 2586 5021 amput
2605 4968 2801 5009 «remus
2828 4955 3212 5011 fecunditatem
3238 4996 3253 5020 ,
3288 4955 3512 5013 duarum

1927 5041 2347 5096 substantiarum
2372 5044 2647 5099 manifesta
2667 5046 2941 5102 distinctio
2964 5048 3239 5102 nominato
3258 5055 3313 5100 et
3331 5046 3513 5101 consi-

1926 5133 2113 5194 derato
2143 5135 2440 5189 mediatore
2490 5137 2841 5203 resplenduit.
2874 5137 3006 5201 Quia
3038 5137 3221 5205 utique
3250 5136 3510 5194 mediator

1924 5236 1977 5279 et
2001 5241 2135 5279 unus
2157 5235 2259 5288 est,
2290 5228 2334 5279 si
2367 5241 2651 5296 personam
2705 5228 3016 5281 consideres
3047 5228 3132 5282 cui
3172 5242 3367 5282 nomen
3398 5246 3506 5285 me-

1923 5315 2144 5370 diatoris
2195 5318 2444 5379 accessit.
2478 5325 2535 5371 et
2558 5317 2701 5372 inter
2740 5317 2872 5371 duas
2922 5334 3008 5373 res
3048 5319 3325 5373 dissimilis
3382 5321 3509 5377 sub-

1922 5411 2134 5465 stantia:
2180 5411 2441 5465 mediator
2476 5411 2747 5476 existens,
2779 5422 2882 5464 non
2938 5413 3037 5467 ηἰνί
3081 5427 3178 5482 per
3205 5414 3340 5469 duas
3378 5415 3508 5468 subs

1920 5503 2143 5554 stantias
2177 5500 2417 5554 officium
2472 5509 2654 5568 potest
2706 5502 3017 5558 mediatoris
3068 5506 3307 5573 implere.
3340 5505 3506 5575 Cujus

1922 5593 2063 5647 enim
2094 5606 2321 5660 persona
2353 5608 2452 5646 una
2486 5593 2648 5647 fuerit
2676 5605 2729 5648 et
2757 5606 2966 5661 natura,
2997 5596 3301 5652 nullatenus
3331 5608 3505 5666 potest

1924 5685 2061 5738 inter
2098 5684 2235 5737 duas
2274 5685 2611 5740 substantias
2660 5686 2921 5742 mediator
2948 5703 3071 5744 esse
3104 5690 3187 5744 vel
3220 5689 3348 5755 dici,
3377 5690 3501 5758 quia

1926 5777 2065 5846 apud
2138 5776 2279 5831 illam
2352 5778 2703 5836 substantiam
2781 5782 2866 5836 cui
2932 5781 3153 5838 minime
3221 5789 3501 5850 coaptatur
