3998 6194
490 321 591 378 8Οό

1404 323 1765 382 FULCENTII
1809 325 2161 383 FERllANDI
2203 326 2474 382 [ΠΜ]οΜ
2509 325 2855 381 (ΣΗΠΊΙΜῘ.
3663 333 3755 387 896

487 455 591 494 una
649 447 837 495 natura
883 440 1039 510 ejus,
1089 448 1239 498 caret
1298 455 1521 511 prorsus
1576 440 1758 497 ofﬁcio
1813 441 2070 498 mediato-
2101 448 2148 503 Α
2175 442 2483 496 substantia:
2514 441 2806 496 secundum
2840 454 2934 494 vos
2961 442 3123 508 coepit
3150 453 3272 495 esse
3313 454 3438 494 cum
3476 439 3686 508 Verbo,
3714 453 3758 498 et

489 534 682 595 ris;et
739 543 862 587 tunc
912 542 994 588 est
1049 549 1208 590 verus
1265 532 1547 597 mediator,
1575 533 1790 602 quando
1844 543 1901 588 ut
1951 532 2076 587 dua-

487 642 606 681 rum
637 626 979 682 dissimilium
1009 629 1431 710 substantiarum
1480 629 1696 699 copulet
1730 629 2070 696 divisionem,

487 717 895 773 subsutntialem
941 721 1076 790 gerit
1127 737 1252 776 cum
1307 722 1552 792 utrisque
1603 722 2074 788 communionem;

489 825 585 876 per
624 812 794 880 ipsam
845 814 1280 870 communionem
1331 831 1614 870 removens
1641 816 1984 883 divisionem,
2019 823 2080 870 ut

488 900 595 954 sint
646 913 873 969 utraque
932 920 1136 971 unum,
1197 919 1292 974 per
1339 906 1486 960 illum
1546 906 1899 962 mediatorem
1950 921 2080 962 oon-

489 992 758 1048 venieutia
808 995 861 1048 in
908 1012 1106 1065 unum,
1156 1013 1280 1054 eum
1327 1013 1434 1068 quo
1491 1000 1744 1064 luerunt,
1790 1009 2080 1069 antequam

489 1087 878 1150 convenirent,
926 1105 1116 1144 unum.
1164 1088 1581 1146 Consideremus
1635 1090 1735 1146 hoc
1789 1090 1994 1160 plenius
2025 1090 2080 1143 in

493 1186 678 1232 nostro
729 1177 1048 1244 mediatore,
1101 1180 1326 1236 Domino
1370 1182 1579 1236 scilicet
1623 1180 1872 1245 Christo;
1927 1180 2083 1251 cujus

492 1268 706 1336 quidem
740 1271 1002 1326 veraciter
1029 1287 1132 1326 una
1181 1287 1408 1342 persona
1429 1273 1576 1344 (quia
1607 1289 1714 1329 non
1739 1273 1897 1329 decet
1923 1273 2083 1328 unius

495 1363 814 1418 mediatoris
840 1365 973 1420 duas
992 1381 1113 1423 esse
1141 1367 1444 1439 personas),
1477 1377 1849 1424 verumtamen
1872 1384 1977 1423 non
1999 1376 2085 1423 est

497 1469 599 1508 uua
628 1459 1097 1525 natura,quamvis
1127 1461 1285 1515 unius
1309 1461 1644 1517 mediatoris.
1674 1461 1809 1528 Quia
1841 1462 1956 1517 haec
1976 1475 2082 1515 una

496 1554 682 1600 natura
716 1548 991 1618 (quoniam
1026 1551 1118 1608 Dei
1161 1561 1217 1608 et
1263 1555 1538 1609 bom'num
1569 1555 1835 1609 mediator
1855 1558 1962 1621 est)
1992 1563 2083 1608 aut

495 1651 616 1689 cum
664 1639 771 1694 Deo
794 1641 879 1694 illa
930 1643 1034 1697 erit
1082 1645 1264 1713 utique
1291 1646 1613 1707 communis,
1645 1656 1739 1700 aut
1757 1661 1878 1700 cum
1910 1645 2088 1702 homi-

497 1729 676 1785 nibus.
706 1731 964 1788 Absolnte
992 1751 1243 1804 namque,
1270 1737 1661 1805 quantumlibet
1687 1737 1946 1792 reclamet
1977 1736 2087 1790 ba:-

497 1824 716 1889 reticus,
751 1841 852 1878 una
899 1835 1084 1880 natura
1130 1845 1234 1882 non
1289 1839 1466 1897 potest
1514 1830 1626 1884 Deo
1668 1829 2084 1898 hominibusque
2116 1807 2164 1866 Β

496 1928 619 1968 esse
648 1918 968 1980 communis,
992 1918 1116 1986 quia
1144 1919 1285 1973 Deus
1316 1930 1561 1985 creator,
1588 1936 1685 1976 nos
1711 1930 1975 1975 creaturae
1997 1936 2088 1975 su-

498 2020 655 2069 mus;
692 2007 830 2060 Deus
861 2017 1094 2062 a-ternus
1119 2050 1135 2074 ,
1170 2025 1269 2064 nos
1317 2011 1682 2078 temporales;
1719 2012 1856 2066 Deus
1880 2013 2088 2066 incom-

499 2096 896 2161 prehensibilis,
927 2114 1023 2152 nos
1055 2101 1606 2167 comprehettsihiies;
1638 2101 1776 2156 Deus
1801 2103 1919 2157 sine
1946 2104 2086 2166 loco,

500 2201 598 2241 nos
629 2187 678 2240 in
712 2188 857 2253 loco;
888 2189 1026 2243 Deus
1050 2191 1290 2245 inﬁnitus
1316 2203 1370 2246 et
1394 2193 1711 2256 immensus,
1735 2209 1832 2248 nos
1859 2194 2091 2248 (ircum-

499 2277 682 2343 scripti
704 2290 757 2332 et
790 2280 1154 2335 determinati.
1191 2282 1396 2336 Rursus
1422 2298 1552 2352 ergo
1582 2283 1895 2338 ﬁduciaiiter
1921 2284 2040 2339 dico
2074 2303 2086 2338 :

501 2377 687 2422 natura
716 2369 915 2425 Citrfsti
938 2372 980 2425 si
1012 2387 1116 2426 una
1143 2383 1246 2439 est,
1279 2384 1370 2427 aut
1398 2389 1518 2427 cum
1546 2375 1654 2429 Deo
1685 2375 1844 2429 Patre
1866 2375 1964 2440 illi,
1999 2386 2090 2430 aut

509 2477 630 2514 cum
666 2462 972 2518 hominibus
995 2475 1170 2533 potest
1197 2481 1317 2520 esse
1338 2467 1676 2531 communis;
1707 2467 1817 2521 Deo
1844 2476 1897 2520 et
1921 2467 2088 2520 homi-

515 2551 668 2604 nibus
710 2569 980 2622 nunquam
1038 2564 1213 2623 potest
1263 2571 1388 2612 esse
1431 2558 1753 2611 communis.
1788 2558 1882 2611 Est
1911 2567 2089 2612 autem

506 2643 750 2696 Christus
785 2646 940 2697 unius
963 2646 1273 2700 substantia:
1297 2662 1418 2700 cum
1449 2648 1636 2712 Patre,
1662 2648 1801 2718 quod
1821 2647 2095 2703 61·κοὶᾰί-

505 2743 632 2785 cunt
658 2735 983 2800 Itumousion,
1011 2738 1305 2791 secundum
1332 2737 1531 2791 Nicaani
1555 2739 1764 2792 concilii
1789 2740 2090 2794 absolutam

505 2823 923 2890 professionem.
965 2824 1079 2881 Una
1124 2842 1253 2896 ergo
1299 2837 1488 2882 natura
1544 2826 1741 2884 Christi
1787 2828 1935 2897 Jesu,
1969 2845 2090 2884 cum

507 2913 666 2969 Patre
695 2925 777 2970 est
801 2916 874 2970 illi
899 2918 1220 2975 communis.
1253 2917 1317 2972 Et
1341 2919 1392 2972 iu
1415 2934 1516 2988 qua
1543 2927 1750 2974 ratione
1780 2920 1890 2974 ﬁeri
1919 2931 2092 2989 potest

509 3014 568 3058 ut
597 3016 781 3061 noster
809 3008 880 3061 sit
908 3009 1194 3074 mediator,
1228 3010 1328 3064 nisi
1365 3010 1564 3064 habeat
1590 3011 1729 3064 unde
1759 3020 1814 3065 et
1843 3026 1964 3065 cum
1993 3011 2093 3066 Pa-

507 3107 590 3153 tre
615 3099 684 3152 sit
707 3115 891 3165 unum,
923 3112 978 3155 et
1007 3101 1288 3156 nobiscum
1335 3102 1406 3156 sit
1433 3103 1636 3155 unum?
1664 3104 1816 3168 Quod
1867 3105 2097 3173 apertis-

2179 549 2274 604 per
2298 533 2530 588 Verbum
2563 533 2721 586 etiam
2747 547 2868 585 cum
2901 530 3087 596 Patre;
3119 545 3245 584 caro
3271 545 3482 600 quoque
3510 545 3691 586 nostra
3715 543 3760 587 et

2177 626 2428 680 divinitas
2461 625 2656 685 Patris,
2689 623 2845 678 unius
2893 622 3103 676 dicatur
3148 636 3268 676 esse
3316 637 3518 676 tit-mra:
3565 638 3580 677 :
3633 625 3763 693 quod

2179 717 2353 770 tiullus
2382 716 2602 769 omnino
2631 713 2965 768 Christianus
2996 713 3075 767 vel
3106 714 3316 778 audire,
3348 715 3431 767 vel
3477 717 3620 768 tenui
3672 718 3761 769 sal-

2179 818 2288 864 tem
2329 809 2558 874 eugilatit
2586 822 2662 861 ne
2689 807 2848 861 debet
2895 806 3134 874 recipere
3181 805 3580 872 suspicandum.
3613 806 3758 873 Quis-

2179 901 2298 970 quis
2327 900 2552 969 proinde
2581 914 2737 954 unam
2768 896 2962 952 Chrisﬁ
3011 897 3200 952 asserit
3237 912 3356 952 esse
3396 898 3766 964 substantiam,

2179 994 2378 1058 cositet
2401 992 2543 1046 aliud
2575 993 2715 1061 quod
2749 990 2901 1045 facile
2941 990 3108 1044 cuivis
3154 998 3326 1057 potest
3354 1005 3632 1058 apparere,
3663 991 3763 1044 nisi

2181 1083 2365 1138 oeulos
2394 1084 2572 1138 cordis
2615 1082 2736 1151 eius
2787 1082 2964 1134 fumus
2993 1081 3354 1135 contentionis
3384 1081 3652 1147 obscuret,
3677 1095 3760 1149 per

2183 1179 2321 1232 hanc
2353 1179 2508 1232 unius
2544 1179 2594 1230 iu
2624 1177 2840 1230 Christo
2867 1175 3182 1229 substantiae
3211 1173 3636 1241 [medicationem
3667 1175 3760 1227 Pa-

2185 1277 2321 1322 trem
2347 1283 2561 1337 quoque
2587 1274 2766 1320 uatum
2795 1263 2868 1318 de
2895 1264 3062 1317 Marias
3083 1263 3304 1332 virgine,
3339 1263 3644 1318 cruciﬁxum
3668 1267 3758 1318 sub

2185 1358 2375 1412 Pontio
2408 1357 2604 1423 Pilato,
2630 1365 2685 1410 et
2728 1355 2997 1425 sepultum
3049 1354 3233 1408 videri.
3266 1354 3399 1408 Nam
3445 1357 3491 1410 si
3539 1371 3638 1408 uno
3683 1363 3760 1408 est

2185 1451 2289 1505 alia
2330 1459 2552 1517 natura,
2581 1465 2739 1520 quam
2769 1449 2837 1504 de
2870 1463 3034 1503 carne
3068 1446 3292 1516 Virginis
3321 1447 3505 1501 matris
3536 1458 3591 1502 ut
3619 1448 3752 1501 nasci

2189 1547 2558 1615 temporaliter
2607 1552 2810 1614 posset,
2860 1543 3066 1612 accepit
3116 1541 3412 1611 unigenitus
3459 1541 3622 1606 Deus,
3667 1541 3758 1594 sed:

2189 1648 2455 1708 suscepta:
2492 1637 2674 1692 carnis
2706 1646 2762 1690 et
2791 1634 3134 1702 suscipientis
3175 1632 3450 1687 divinitatis
3490 1648 3592 1686 una
3628 1632 3766 1686 fuit:

2194 1739 2280 1784 est
2306 1727 2788 1798 quomodocunque
2817 1737 3039 1787 natura;
3073 1725 3186 1779 haec
3209 1740 3303 1778 una
3329 1735 3511 1778 natura
3541 1732 3634 1777 aut
3661 1740 3766 1777 non

2190 1826 2291 1876 erit
2321 1823 2483 1879 etiam
2516 1819 2728 1886 Patris,
2763 1830 2816 1873 et
2846 1821 3118 1888 quomodo
3159 1817 3520 1888 praedicabunt
3561 1817 3760 1870 Itomae-

2191 1914 2302 1967 sion
2334 1913 2504 1978 Patri,
2535 1912 2677 1978 quod
2706 1910 2879 1964 Grieci
2909 1909 3111 1974 dicunt,
3147 1908 3299 1962 unius
3341 1906 3652 1961 substantia:
3684 1905 3764 1960 vel

2193 2002 2481 2057 ess-emite?
2507 2010 2600 2055 aut
2629 2001 2673 2054 si
2706 2001 2811 2054 erit
2839 2009 2896 2053 et
2925 2000 3118 2065 Patris,
3147 2007 3202 2052 et
3226 1997 3278 2050 in
3311 1997 3418 2064 ipsa
3454 2005 3630 2055 natus.
3659 2010 3764 2047 cru-

2192 2096 2383 2148 ciﬁxus
2411 2103 2492 2147 est
2522 2091 2690 2147 Filius
2711 2133 2726 2157 ,
2758 2092 2975 2144 videant
3019 2089 3284 2159 quomodo
3315 2088 3469 2142 Pater
3497 2097 3587 2141 aut
3631 2089 3762 2141 inna-

2193 2187 2427 2252 seibdis,
2457 2194 2550 2239 aut
2579 2184 2923 2251 impassibilis
2966 2183 3297 2250 praedicetur.
3328 2181 3436 2234 imo
3469 2196 3572 2233 non
3602 2181 3763 2234 solum

2195 2277 2384 2342 Pater,
2410 2276 2503 2330 sed
2536 2275 2772 2343 Spiritus
2799 2289 3014 2344 quoque
3044 2281 3257 2326 sanctus
3288 2272 3555 2340 (quoniam
3584 2279 3636 2324 et
3662 2271 3763 2338 ipso

2195 2383 2313 2420 cum
2344 2367 2501 2420 Patre
2527 2375 2582 2421 et
2606 2365 2743 2422 Filio
2771 2366 2927 2420 unius
2956 2364 3190 2419 creditur
3214 2379 3334 2418 esse
3365 2361 3668 2416 substantia:
3690 2360 3766 2415 vel

2195 2457 2467 2527 essentiaz)
2499 2458 2798 2513 sociabitnr
2847 2449 3182 2525 passionibus
3216 2453 3370 2518 Fiii;
3421 2469 3483 2507 ac
3522 2454 3568 2508 si
3613 2454 3766 2506 omnis

2195 2548 2530 2616 dispensatio
2563 2549 2852 2604 dominica:
2882 2548 3264 2602 incarnationis
3303 2546 3368 2600 ad
3417 2554 3580 2598 totam
3612 2543 3759 2598 Trini-

2198 2647 2358 2692 ttem
2411 2640 2684 2707 pertinere
2733 2639 3026 2707 putabitttr,
3067 2649 3125 2693 et
3171 2653 3274 2692 non
3323 2637 3490 2691 solius
3534 2635 3652 2689 Filii
3691 2634 3773 2688 Dei

2197 2739 2366 2781 mater
2412 2729 2567 2782 beata
2608 2727 2795 2796 Maria,
2827 2727 2922 2782 sed
2961 2727 3122 2782 totius
3152 2727 3428 2782 Trinitatis
3455 2728 3561 2781 erit
3595 2736 3772 2779 mater.

2199 2818 2421 2872 Plnum
2476 2820 2656 2874 facere
2708 2820 2811 2873 hoc
2858 2819 3166 2888 apostolicis
3219 2820 3445 2872 nitamur
3501 2817 3776 2884 exemplis.

2203 2909 2396 2964 Beatus
2427 2910 2718 2977 Apostolus
2771 2912 2841 2964 ita
2887 2911 3117 2980 loquitur
3160 2928 3174 2963 :
3214 2910 3365 2964 Vetus
3411 2909 3567 2963 homo
3618 2922 3769 2962 noster

2198 2999 2353 3053 simul
2381 3001 2663 3066 cruciﬁxus
2685 3010 2781 3064 cst,
2802 3008 2854 3052 ut
2882 3010 3152 3054 evacuctnr
3182 3018 3361 3069 corpus
3392 3003 3582 3070 peccati
3616 3002 3776 3070 (llotn.

2203 3104 2275 3153 vt,
2307 3088 2386 3156 6).
2413 3090 2695 3155 Quomodo
2721 3091 2878 3145 simul
2910 3104 3060 3145 vetus
3091 3091 3248 3145 homo
3277 3101 3457 3146 noster
3487 3093 3610 3146 solo
3637 3091 3776 3143 tihri-

508 3191 642 3243 sime
661 3189 710 3242 in
739 3191 1150 3259 Evnngeiiojam
1177 3195 1454 3261 prosimus
1477 3193 1709 3262 passioni
1733 3194 2091 3259 demonstrat,

2205 3187 2289 3233 sto
2322 3180 2372 3232 in
2406 3179 2550 3249 ligno
2578 3182 2882 3250 pendente,
2913 3181 3015 3235 uisi
3045 3182 3166 3251 quia
3195 3182 3485 3236 secundum
3513 3197 3638 3234 eam
3667 3183 3780 3235 sub-

510 3296 670 3335 orans
702 3281 911 3335 Patrem
943 3282 1141 3336 talibus
1170 3283 1346 3338 verbis
1377 3299 1392 3334 :
1433 3282 1500 3336 Ut
1525 3282 1627 3335 sint
1655 3299 1834 3346 unum,
1888 3283 2017 3335 sicut
2048 3293 2096 3336 et

513 3387 604 3424 nos
633 3389 811 3425 unum.
845 3372 959 3443 Ego
982 3374 1033 3426 in
1054 3375 1150 3438 eis,
1177 3385 1225 3427 et
1242 3385 1294 3427 tu
1314 3376 1364 3444 in
1395 3391 1473 3427 me
1500 3372 1676 3444 (Joan.
1707 3390 1836 3439 xvtt,
1857 3373 1950 3441 2‘2,
1974 3371 2092 3445 25).

513 3459 607 3514 Dic
665 3459 817 3527 n~ihi,
850 3461 938 3530 qui
990 3478 1150 3516 unam
1210 3463 1468 3532 praedicas
1521 3465 1811 3519 essentiam
1865 3465 2091 3531 Christi,

503 3551 779 3620 quomodo
818 3563 901 3608 est
930 3553 1122 3623 ipsein
1154 3556 1327 3622 nobis,
1356 3565 1409 3610 et
1436 3555 1706 3623 quomodo
1759 3565 1842 3610 est
1895 3559 1947 3610 in
2004 3556 2095 3613 illo

511 3640 712 3696 Pater?
740 3641 871 3707 Quia
918 3659 1020 3697 uua
1053 3654 1136 3697 est
1180 3644 1480 3698 substantia
1510 3646 1680 3700 Patris
1710 3655 1764 3700 et
1799 3645 1942 3700 Filii.
1973 3645 2097 3700 Ideo

509 3731 674 3786 etiam
714 3732 829 3800 ipse
883 3734 936 3786 in
991 3733 1146 3788 nobis
1196 3743 1298 3798 est,
1322 3734 1446 3801 quia
1478 3736 1746 3804 particeps
1775 3735 1889 3790 ﬁeri
1923 3735 2095 3790 voluit

511 3835 708 3878 nostra:
738 3824 1072 3879 substantiae.
1099 3823 1211 3877 Non
1240 3834 1321 3879 est
1343 3840 1470 3894 ergo
1501 3826 1610 3895 j-lﬂl
1634 3841 1736 3879 una
1765 3827 2090 3896 substantia,

510 3915 604 3968 sed
629 3915 747 3969 dua:
779 3933 792 3970 :
826 3931 926 3969 uua
961 3916 1012 3970 in
1043 3931 1145 3984 qua
1174 3924 1257 3970 est
1285 3931 1406 3970 cum
1437 3917 1593 3971 Patre
1625 3932 1811 3984 unum,
1842 3917 2012 3972 altera
2039 3917 2094 3972 in

512 4023 613 4074 qui
663 4019 744 4062 est
790 4008 1066 4062 nobiscum
1111 4025 1307 4073 unum;
1338 4025 1442 4062 una
1475 4025 1570 4077 per
1597 4025 1759 4079 quam
1808 4019 1890 4065 est
1928 4010 1980 4064 in
2007 4010 2097 4066 illo

512 4097 702 4164 Pater,
737 4101 905 4154 altera
938 4116 1031 4169 per
1053 4118 1212 4169 quam
1235 4110 1317 4156 est
1345 4102 1457 4170 ipse
1486 4103 1538 4155 in
1577 4101 1732 4156 nobis
1753 4118 1907 4168 vere;
1938 4118 2100 4159 verus

517 4191 798 4256 mediator,
823 4192 1024 4246 habens
1053 4193 1192 4246 unde
1219 4195 1288 4246 sit
1313 4194 1586 4262 proximus
1607 4194 1741 4261 Deo,
1760 4197 1901 4250 unde
1919 4198 2100 4264 proxi-

513 4297 630 4336 mus
682 4283 866 4349 nobis;
923 4293 980 4338 ut
1018 4285 1175 4338 iaciat
1209 4285 1369 4339 etiam
1403 4301 1500 4339 nos
1529 4288 1807 4356 proximos
1838 4289 1967 4351 Deo.
2003 4307 2102 4361 per

513 4389 571 4426 se
594 4375 777 4442 utique
798 4374 885 4442 qui
910 4374 1023 4426 ﬁeri
1055 4376 1214 4429 voluit
1239 4377 1518 4444 proximus
1547 4377 1722 4432 nobis.
1753 4377 1858 4432 Sed
1889 4382 1934 4434 si
1961 4380 2099 4439 forte

514 4473 593 4528 tu,
624 4479 780 4531 quem
811 4465 1172 4519 consideratio
1209 4467 1520 4524 mediatoris
1551 4468 1614 4523 ad
1655 4472 2092 4538 [medicationem

2203 3272 2454 3326 stantiam
2487 3273 2745 3342 pependit
2773 3273 2824 3326 iu
2858 3273 3024 3343 ligno,
3053 3288 3216 3344 quam
3242 3273 3466 3342 sumpsit
3493 3289 3561 3328 ex
3600 3272 3782 3328 nobis!

2199 3362 2329 3418 item
2359 3364 2465 3418 alio
2495 3365 2614 3420 loco
2657 3378 2984 3421 memoratus
3013 3367 3281 3434 apostolus
3308 3366 3437 3420 dicit
3479 3384 3490 3419 :
3541 3365 3609 3418 Et
3639 3367 3784 3419 sintut

2196 3458 2630 3524 conresuscitart't,
2658 3467 2704 3512 et
2737 3458 2908 3513 sedere
2944 3458 3060 3526 [erit
3089 3460 3140 3512 in
3167 3458 3444 3513 cclestibus
3483 3460 3535 3510 iu
3577 3458 3783 3512 Christo

2198 3546 2328 3600 Jesu
2377 3547 2586 3619 (Ephcs.
2643 3565 2705 3618 tt,
2747 3551 2824 3619 6).
2873 3549 3276 3619 RespOndeatur
3317 3551 3587 3619 quomodo
3635 3548 3782 3604 simul

2201 3639 2636 3704 conresuscitati,
2667 3651 2761 3694 aut
2802 3640 2962 3695 simul
3005 3641 3348 3696 cons«._-ditnus
3379 3642 3428 3694 in
3458 3642 3780 3702 caelestibus,

2198 3728 2301 3784 ni~i
2345 3744 2439 3798 per
2477 3730 2620 3785 illius
2660 3730 2976 3785 substantia:
3005 3732 3429 3786 communionem
3456 3747 3622 3800 quam
3654 3745 3782 3784 simt-

2201 3823 2303 3891 psit
2330 3837 2395 3877 ex
2427 3823 2618 3878 nobis?
2651 3823 2706 3877 Si
2732 3838 2861 3893 ergo
2889 3824 2939 3877 in
2972 3824 3228 3878 unitatem
3257 3823 3449 3876 divina:
3474 3823 3782 3877 substantia:

2199 3927 2312 3968 suae
2362 3925 2606 3969 naturam
2661 3915 2826 3970 Filius
2879 3917 2970 3971 Dei
3021 3916 3275 3986 suscepit,
3307 3926 3364 3970 ut
3405 3915 3701 3970 divinitatis
3737 3924 3784 3970 et

2200 4008 2378 4063 carnis
2419 4024 2523 4062 una
2571 4019 2751 4078 pOSSet
2790 4023 2911 4064 esse
2955 4019 3162 4078 natura,
3195 4009 3332 4079 quod
3378 4009 3672 4063 adunatum
3713 4017 3788 4061 est

2200 4099 2464 4154 divinitati
2496 4100 2616 4170 ejus
2646 4101 2790 4155 omni
2816 4100 3059 4154 Trinitati
3090 4100 3374 4154 adunatum
3403 4108 3485 4156 est
3513 4118 3529 4154 :
3563 4100 3788 4156 maxime

2202 4193 2324 4259 quia
2351 4192 2729 4260 inseparabilia
2761 4201 2889 4246 sunt
2916 4207 3080 4261 opera
3105 4192 3404 4257 Trinitatis,
3424 4194 3548 4260 quia
3583 4207 3688 4247 una
3714 4200 3786 4245 est

2203 4284 2499 4337 substantia
2535 4283 2618 4338 vel
2653 4284 2888 4338 essentia
2913 4284 3203 4338 Trinitatis.
3236 4283 3470 4338 Trinitas
3499 4296 3588 4338 est
3617 4291 3786 4338 autem

2205 4372 2451 4438 Pater,et
2480 4373 2668 4441 Filius,
2693 4386 2745 4430 et
2768 4375 2994 4444 Spiritus
3017 4385 3267 4441 sanctus;
3292 4376 3344 4429 itt
3377 4378 3630 4444 personis
3664 4387 3793 4440 tres,

2207 4464 2262 4518 in
2291 4467 2590 4521 substantia
2620 4468 2702 4521 vel
2733 4468 2967 4522 essentia
3011 4483 3191 4521 unum.
3221 4467 3275 4521 in
3306 4483 3407 4537 qua
3437 4469 3675 4522 essen‘ia
3705 4467 3792 4521 vel

514 4554 740 4608 duarum
765 4557 1181 4612 substantiarum
1201 4560 1476 4628 compellit
1503 4560 1748 4623 invitum,
1776 4565 1962 4620 volens
1990 4567 2098 4623 vim
2129 4561 2182 4622 D
2208 4558 2504 4612 SIIbSL‘mlia
2537 4560 2580 4613 Si
2611 4568 2764 4613 ﬂatus
2790 4570 2880 4612 aut
2905 4575 3090 4629 passus
3112 4569 3193 4615 est
3219 4559 3401 4623 Filius.
3424 4561 3586 4614 S‘mlll
3617 4560 3789 4622 Pater.

515 4650 756 4706 veritatis
811 4650 1063 4717 eludere,
1115 4667 1220 4706 non
1286 4653 1508 4708 omnino
1575 4656 1737 4710 unius
1792 4657 2102 4715 mediatoris

517 4743 648 4796 duas
677 4742 936 4796 essenzias
971 4755 1154 4812 negas,
1181 4743 1274 4797 sed
1319 4758 1382 4799 ex
1430 4743 1516 4799 it's
1558 4743 1765 4799 duabus
1794 4762 1956 4801 uuam
1984 4749 2099 4804 ﬁeri

517 4833 756 4904 potuisse
781 4835 1322 4902 conlirm:ts,reqttire
1345 4834 1673 4905 diligentius,
1703 4839 1748 4891 si
1786 4836 2017 4893 Verbum
2047 4851 2102 4895 ct

517 4940 644 4981 caro
685 4940 786 4979 una
835 4925 997 4994 t'oapit
1047 4939 1166 4979 esse
1210 4939 1427 4991 na'ura,
1480 4939 1659 4979 utrum
1707 4931 1875 4996 possit
1896 4943 2024 4985 caro
2046 4939 2100 4986 et

520 5025 662 5081 Deus
700 5025 858 5080 Pater
884 5026 1043 5080 unius
1080 5023 1330 5079 essentia:
1361 5024 1659 5094 prmdieari.
1693 5028 2100 5099 Consequeuter

524 5118 668 5172 enim
691 5119 813 5187 quia
850 5117 1078 5174 Verbum
1110 5116 1284 5171 Patris
1312 5126 1396 5172 est
1427 5116 1616 5182 Filius,
1649 5126 1704 5172 et
1731 5118 2101 5177 indubitanter

524 5221 628 5261 una
659 5217 740 5262 cst
764 5209 1060 5264 substantia
1104 5208 1276 5264 Patris
1302 5217 1356 5263 et
1387 5208 1536 5272 Filii;
1567 5209 1710 5264 sicut
1765 5210 1906 5264 Deus
1946 5211 2103 5268 Pater

517 5314 645 5354 .cum
671 5303 846 5359 Verbo
885 5322 986 5361 suo
1015 5306 1175 5362 unius
1203 5314 1286 5361 est
1310 5307 1641 5372 substantia,
1673 5306 1751 5361 sic
1785 5321 1907 5362 eum
1937 5321 2100 5362 carne

534 5387 688 5442 Verbi
716 5392 798 5446 sui
829 5395 985 5450 unius
1037 5397 1335 5452 invenietur
1364 5412 1485 5453 esse
1523 5399 1869 5465 substantia),
1903 5397 1944 5452 si
1977 5412 2102 5452 caro

523 5488 581 5532 et
602 5478 831 5534 Verbum
857 5484 972 5538 ﬁeri
998 5489 1168 5552 potuit
1195 5503 1300 5542 una
1323 5490 1644 5544 substantia.

599 5572 650 5624 7.
680 5574 1130 5645 Superadjicietur
1157 5585 1278 5639 huic
1307 5587 1542 5656 Opinioni
1574 5588 1732 5641 etiam
1765 5587 1884 5642 tdis
1912 5588 2104 5643 absur-

525 5660 684 5731 ditas,
719 5675 774 5718 ut
813 5668 934 5735 quia
965 5674 1139 5726 omnis
1168 5689 1292 5728 caro
1324 5679 1552 5733 humana
1598 5679 1836 5749 ejusdem
1867 5689 1949 5734 est
1976 5681 2104 5733 sult-

525 5755 758 5823 stantir,
791 5773 915 5814 caro
941 5771 1120 5815 autem
1152 5765 1344 5822 Christi
1373 5771 1601 5827 bum..na
1630 5782 1763 5843 erat,
1807 5787 1924 5843 qua:
1954 5772 2110 5828 unius

2209 4660 2262 4704 ct
2288 4649 2523 4719 Spiiitus
2552 4663 2767 4706 sanctus
2792 4663 2843 4705 et
2870 4661 3022 4705 natus
3060 4660 3115 4706 et
3147 4665 3330 4718 passus
3360 4662 3460 4706 εει.
3489 4650 3603 4705 Sed
3633 4652 3678 4704 si
3710 4649 3791 4703 Fi-

2208 4745 2311 4799 lius
2354 4755 2558 4799 tantum
2605 4761 2792 4812 passus
2834 4756 2936 4812 tst,
2964 4747 3100 4801 sicut
3141 4746 3263 4800 lidei
3304 4745 3583 4799 catholica
3615 4745 3792 4799 docuit

2203 4837 2419 4906 antiqua
2464 4836 2678 4890 traditio
2700 4881 2713 4904 ,
2759 4837 2811 4891 in
2862 4838 2962 4891 alia
3013 4847 3197 4891 natura
3229 4849 3414 4906 passus
3444 4846 3549 4890 est-
3582 4836 3649 4889 Et
3677 4845 3796 4904 quae

2205 4939 2289 4986 est
2316 4930 2440 4995 alia,
2468 4930 2569 4983 nisi
2613 4929 2879 4984 humana?
2913 4931 2968 4985 Si
2998 4945 3124 4999 ergo
3153 4930 3252 4983 alia
3285 4938 3367 4982 est
3407 4928 3668 4993 humana,
3695 4927 3798 4979 alia.

2203 5021 2382 5076 divina
2411 5032 2633 5088 natura,
2667 5037 2772 5076 non
2804 5033 2887 5077 est
2917 5037 3017 5075 una
3048 5023 3100 5076 in
3131 5021 3344 5076 Cluisto
3375 5035 3440 5075 ex
3471 5019 3689 5075 duabus
3715 5020 3789 5072 ia-

2206 5131 2289 5175 cta
2321 5131 2533 5174 natura.

2277 5211 2330 5267 8.
2363 5212 2552 5268 Solent
2581 5211 2764 5268 Ariani
2797 5215 2952 5268 nobis
2989 5213 3222 5280 obiicere
3264 5212 3420 5268 talem
3462 5210 3797 5280 propositio-

2208 5317 2353 5357 nem.
2383 5302 2543 5357 Passa
2573 5314 2676 5366 eat,
2707 5304 2983 5372 inquiunt,
3007 5304 3254 5358 divinitas
3280 5301 3428 5364 Filii,
3455 5308 3546 5355 aut
3581 5315 3694 5355 non
3713 5312 3796 5356 est

2211 5408 2387 5464 passa.
2445 5393 2499 5449 Si
2547 5393 2966 5464 respondeamus
3014 5410 3028 5446 :
3078 5393 3192 5448 Non
3235 5402 3315 5447 est
3349 5405 3523 5460 passa,
3553 5390 3795 5444 dicunt:

2210 5493 2348 5563 Ergo
2379 5508 2540 5561 purus
2574 5493 2734 5547 homo
2778 5493 3063 5548 cruciﬁxus
3110 5502 3210 5546 est.
3241 5490 3295 5544 Si
3339 5488 3797 5557 respondeamus,

2208 5585 2350 5654 quod
2377 5583 2705 5653 respondere
2731 5583 2989 5639 debemus
3015 5601 3027 5636 :
3057 5583 3216 5638 Passa
3243 5591 3344 5646 est,
3365 5579 3456 5634 sed
3485 5577 3793 5634 secundum

2210 5692 2446 5741 carnem,
2474 5677 2586 5745 ipsa
2616 5685 2792 5730 tamen
2826 5677 2875 5730 in
2906 5676 3007 5732 hoc
3028 5676 3168 5746 quod
3193 5684 3271 5729 est
3294 5671 3646 5742 impassibilis
3678 5685 3799 5739 per-

2217 5784 2459 5837 manens,
2493 5768 2816 5839 respondent
2864 5786 2880 5827 ;
2930 5769 3069 5839 Ergo
3115 5777 3205 5824 aut
3245 5780 3395 5837 passa
3423 5773 3498 5819 est
3523 5762 3800 5816 divinitas
