3998 6202
275 343 376 397 ειη

1444 351 1795 406 Ι-ζΡὶΒὙΟΙΛί
1839 355 1922 408 ΕΤ
1963 357 2340 418 οιδυδευιιλ.
3442 388 3548 445 ἕ98

274 459 472 523 Patris,
502 459 546 512 si
579 473 734 526 passa
766 468 843 512 est
888 458 1141 516 divinitas
1175 461 1324 524 Filii;
1371 476 1462 516 aut
1506 480 1607 517 non
1650 477 1730 519 est
1761 482 1860 518 una
1893 473 1936 527 Α
1969 473 2183 525 nomine
2232 475 2456 528 naturali
2505 476 2761 535 duntaxat
2810 496 3026 541 censeat
3069 493 3435 567 vocitandam;
3483 514 3542 560 ut

270 552 530 606 divinitas
573 552 744 606 Patris
773 562 825 606 et
857 553 992 607 Filii.
1025 552 1449 622 Proponeniibus
1497 556 1598 611 hoc
1644 559 1857 613 Arianis

271 647 345 700 ita
389 646 641 699 convenit
682 645 859 715 lingua
907 647 1168 703 catholica
1210 650 1582 718 respondere:
1616 650 1774 706 Pater
1801 661 1857 706 et

271 735 442 791 Filius
470 736 767 790 substantia
800 752 961 790 unum
992 747 1145 802 sunt,
1176 753 1280 793 non
1315 741 1557 807 personis
1590 756 1604 793 :
1635 756 1739 794 una
1769 751 1854 796 est

268 838 457 882 natura
504 825 679 881 Patris
707 836 760 881 et
790 827 939 895 Filii;
970 828 1066 883 sed
1096 829 1197 882 alia
1245 837 1331 884 est
1374 846 1599 900 persona
1653 831 1852 900 Patris,

266 919 372 973 alia
407 918 549 973 Filii.
582 918 748 974 Filius
782 934 910 974 vero
938 921 1238 984 suscipiens
1275 937 1509 986 carnem,
1538 924 1586 977 id
1618 935 1718 987 est,
1750 925 1850 979 ho-

268 1013 436 1064 min's
467 1010 677 1078 plenam
710 1011 1106 1080 perfectamque
1136 1023 1397 1076 naturam,
1429 1017 1504 1068 sic
1533 1031 1648 1069 eam
1681 1015 1850 1070 susci-

267 1115 397 1168 pere
441 1100 691 1169 dignatus
736 1109 841 1166 est,
877 1109 934 1153 ut
981 1117 1083 1155 una
1135 1117 1360 1171 persona
1413 1106 1561 1158 fieret
1592 1107 1766 1159 carnis
1795 1116 1849 1160 et

271 1192 452 1256 Verbi,
484 1206 587 1246 non
616 1201 792 1246 tamen
824 1207 926 1244 una
957 1202 1168 1249 natura.
1199 1195 1337 1248 Dens
1368 1195 1523 1250 humo
1556 1196 1726 1250 factus
1754 1213 1849 1249 na-

263 1293 442 1337 turam
470 1283 572 1337 sibi
606 1283 868 1338 adimavit
896 1284 1208 1350 humanam,
1236 1288 1328 1340 sed
1359 1287 1410 1338 in
1443 1288 1694 1341 unitatem
1731 1303 1847 1355 per-

264 1387 419 1427 sona:
440 1388 596 1441 quam
628 1387 733 1426 non
766 1373 1067 1428 habetcum
1098 1375 1251 1428 Patre
1281 1391 1637 1440 cowmunem,
1665 1394 1768 1431 non
1794 1379 1843 1433 in

259 1467 524 1519 unitatem
556 1466 865 1519 substantia:
895 1481 1050 1534 quam
1078 1468 1235 1521 habet
1262 1482 1382 1520 cum
1415 1469 1568 1521 Patre
1599 1484 1841 1523 commu-

261 1574 412 1612 nem.
440 1557 564 1611 ldro
605 1573 709 1611 non
757 1559 1012 1622 Trinitas,
1039 1557 1134 1612 sed
1177 1561 1542 1614 tantummodo
1590 1561 1750 1615 Filius
1791 1571 1845 1615 et

261 1659 424 1705 natus
448 1660 500 1703 et
532 1664 720 1718 passus
743 1662 844 1703 est.
874 1649 986 1704 Alia
1019 1659 1102 1704 est
1132 1660 1338 1715 natura,
1363 1652 1654 1706 secundum
1685 1669 1840 1721 quam

259 1758 456 1810 passus
487 1751 570 1797 est
596 1741 762 1797 Filius
812 1758 826 1794 :
873 1741 969 1796 sed
1016 1744 1138 1811 quia
1169 1759 1328 1796 unam
1359 1760 1480 1798 esse
1510 1744 1631 1797 fecit
1659 1760 1838 1814 persoo

1959 561 2227 626 quomodo
2267 578 2332 616 ex
2380 567 2585 621 naturis
2627 570 2851 637 duabus,
2878 577 3053 632 anima
3098 592 3152 635 et
3190 599 3371 652 carne,
3400 561 3535 648 facta

1956 660 2040 702 est
2069 666 2171 705 una
2203 663 2413 720 natura,
2441 658 2524 710 cui
2559 673 2750 714 nomen
2792 673 2873 718 est
2914 667 3106 736 homo;
3135 687 3198 726 ex
3229 675 3438 732 duobus
3459 680 3534 736 si-

1958 739 2161 794 militer
2187 744 2507 801 animalibus
2537 762 2699 804 unum
2731 755 2967 810 nascitur
2994 762 3214 827 animal,
3246 776 3296 818 et
3344 767 3540 826 dit-itur

1957 830 2166 930 titulus;
2197 846 2260 886 ex
2291 835 2497 891 duabus
2524 854 2739 910 quoque
2779 844 3096 904 substantiis
3138 853 3274 922 ignis
3314 869 3365 912 et
3410 859 3535 930 ligni

1954 917 2012 971 lit
2041 935 2143 972 una
2174 937 2283 987 res,
2315 935 2366 978 et
2398 939 2620 984 vocatur
2647 934 2843 1001 carbo;
2877 954 3048 1009 neque
3077 946 3252 998 anima
3283 949 3417 1014 Sola,
3442 917 3537 1008 aut

1946 1385 2026 1427 est
2077 1389 2262 1432 natura
2284 1422 2297 1446 ,
2331 1385 2455 1451 quid
2489 1389 2666 1440 vocari
2701 1392 3015 1447 naturaliter
3042 1397 3253 1452 debeat.
3282 1402 3527 1460 Christus

1945 1463 2143 1532 quippe
2201 1484 2392 1524 nomen
2443 1483 2527 1528 est
2573 1476 2775 1544 officii;
2831 1481 3141 1540 Emmanuel
3191 1505 3384 1544 nomen
3446 1507 3527 1551 est

1943 1559 2198 1622 utrasque
2228 1557 2556 1616 substantias
2586 1581 2716 1632 quas
2746 1567 3004 1625 adunatas
3033 1585 3367 1636 contestatur
3397 1585 3528 1639 insio

1945 1655 2120 1696 nuans
2156 1663 2168 1697 :
2206 1657 2408 1702 natura!
2438 1663 2614 1706 autem
2650 1672 2843 1711 nomen
2877 1661 3026 1717 istius
3059 1668 3372 1726 substan'ia:
3408 1691 3524 1742 quae

1945 1747 2047 1784 una
2076 1735 2188 1789 ﬁeri
2222 1741 2457 1804 potuisse
2483 1744 2680 1801 dicitur
2727 1766 2791 1804 ex
2823 1754 3052 1821 duabus,
3086 1776 3254 1828 neque
3286 1765 3405 1833 legi,
3435 1784 3524 1823 nc-

258 1849 386 1886 nam
417 1847 528 1887 sua
553 1833 849 1887 divinitatis
874 1843 928 1887 et
958 1833 1159 1899 carnis,
1189 1845 1408 1903 propter
1433 1835 1690 1889 unitatrm
1724 1852 1823 1902 per-

1943 1838 2046 1892 que
2079 1842 2171 1894 per
2204 1829 2436 1900 linguam
2480 1838 2764 1904 cujuslibet
2799 1843 3146 1910 dis;-utatoris
3173 1824 3522 1914 vattdividNo-

255 1938 412 1977 sonze
449 1923 700 1978 divinitas
730 1925 847 1980 Filii
876 1925 1076 1980 dicitur
1121 1941 1273 1996 passa
1317 1928 1575 1997 quidquid
1621 1932 1838 1996 protulit

254 2026 277 2097 {
293 2026 369 2079 Αη
397 2024 665 2097 ρετιιιιὶιη
695 2041 841 2081 caro.
872 2026 1103 2082 Persona
1143 2037 1320 2082 autem
1371 2029 1485 2082 F.lii
1532 2044 1634 2084 non
1665 2043 1745 2084 est
1775 2046 1836 2085 ea

251 2133 381 2186 qua:
409 2126 492 2172 est
521 2117 713 2181 Patris,
743 2120 863 2188 quia
896 2119 999 2172 alia
1041 2129 1124 2174 est
1169 2120 1338 2174 Patris
1384 2136 1398 2173 :
1446 2121 1564 2175 ideo
1608 2131 1836 2177 tantum-

252 2209 423 2263 modo
452 2207 617 2263 Filius
645 2224 834 2279 passus
873 2221 977 2265 εει.
1011 2211 1098 2264 Isti
1148 2223 1326 2265 autem
1366 2213 1476 2281 qtti,
1508 2215 1645 2268 sicut
1674 2229 1832 2268 unam

251 2314 545 2368 personam
577 2301 784 2356 Domini
812 2301 938 2356 Jesu
963 2300 1181 2367 Christi,
1202 2304 1279 2356 sic
1304 2319 1462 2358 unam
1487 2307 1676 2358 volunt
1699 2322 1834 2374 prai-

253 2392 444 2448 dleare
481 2401 751 2461 naturam,
779 2395 908 2461 quid
953 2395 1350 2465 respondebunt
1391 2399 1637 2452 Arianis?
1664 2401 1834 2468 Argu-

252 2493 439 2539 menta
463 2485 542 2540 eis
575 2487 690 2541 sine
717 2485 881 2541 dubio
905 2499 1092 2542 cuncta
1118 2485 1478 2554 deficient;'et
1503 2499 1594 2542 aut
1620 2491 1831 2546 Arianis

253 2579 613 2639 consentient.
639 2593 705 2632 ne
731 2593 886 2631 unam
921 2578 1090 2632 Patris
1114 2589 1167 2634 et
1197 2579 1310 2635 Filii
1339 2581 1667 2635 divinitatem
1697 2596 1832 2649 prac-

247 2667 465 2733 dietnt;
498 2677 586 2722 aut
620 2669 1025 2737 Patripassianis
1054 2672 1416 2739 sociabuntur,
1447 2691 1631 2731 errore
1660 2678 1824 2730 sacri-

251 2768 373 2836 lego
416 2767 786 2822 miserabiliter
814 2768 1102 2837 obligandi.
1136 2769 1452 2826 Revertatur
1497 2774 1561 2826 ad
1609 2789 1823 2829 scnsnm

246 2858 549 2926 piissimum
582 2858 729 2913 furor
751 2859 1062 2926 haereticus;
1093 2870 1145 2915 et
1173 2863 1259 2930 qui
1291 2878 1352 2917 ex
1389 2865 1588 2920 naturis
1615 2866 1824 2921 duabus

241 2951 304 3003 in
340 2949 561 3004 Domino
587 2950 710 3005 Jesu
759 2949 971 3007 Christo
1008 2967 1164 3007 unam
1200 2953 1391 3008 factam
1439 2955 1651 3024 fatetur,
1678 2958 1824 3013 dicat

1944 1931 2066 1970 men
2099 1920 2221 1986 hoc,
2248 1923 2388 1977 sicut
2415 1927 2544 1993 dixi,
2576 1933 2924 1990 vehementer
2956 1940 3184 2008 inquiro.
3216 1947 3318 2001 Sed
3350 1953 3521 2018 potius

1942 2007 2042 2062 hoc
2071 2025 2334 2082 propono,
2367 2019 2468 2072 hoc
2511 2023 2848 2089 cogitandum
2896 2034 3225 2097 itrmdittatttri
3274 2045 3426 2097 unius
3469 2047 3520 2101 in

1939 2096 2153 2155 Christo
2198 2105 2531 2174 substantiae,
2559 2112 2683 2166 licet
2728 2117 2880 2182 nolit,
2911 2134 3122 2189 oppono
3169 2144 3184 2180 :
3225 2129 3278 2182 Si
3311 2096 3518 2191 tuaest

1937 2185 2137 2243 Christi
2171 2202 2358 2249 natura
2387 2203 2680 2268 composita
2712 2219 2776 2258 ex
2808 2185 3032 2272 duabus.
3066 2231 3168 2268 non
3202 2219 3321 2272 talis
3352 2185 3518 2278 Patris

1937 2287 2148 2384 natura,
2183 2298 2286 2338 non
2317 2297 2399 2340 est
2429 2289 2548 2344 talis
2589 2290 2820 2360 Spiritus
2861 2302 3050 2355 sancti.
3082 2305 3361 2370 Quomodo
3393 2331 3516 2384 ergo

1933 2366 2038 2422 erit
2069 2368 2232 2426 Filius
2260 2374 2558 2433 homousion
2590 2382 2729 2438 Patri
2764 2388 2847 2441 vel
2906 2366 3126 2459 Spiritui
3152 2403 3374 2457 sancto?
3404 2366 3519 2463 ulla

1934 2456 2107 2516 Patris
2145 2462 2483 2538 Spiritttsque
2523 2475 2692 2528 sancti
2727 2487 2912 2534 natura
2944 2456 3167 2552 simplex
3209 2502 3320 2556 est,
3368 2508 3513 2554 caret

1931 2551 2353 2619 compositione;
2387 2558 2582 2613 Chriin
2627 2573 2823 2632 autem,
2860 2585 2978 2638 quae
3018 2551 3152 2630 facta
3186 2551 3423 2639 firmatur
3448 2604 3512 2644 ex

1930 2638 2139 2746 duabus
2167 2661 2269 2699 una
2301 2661 2510 2716 natura,
2529 2661 2824 2726 composita
2849 2663 3115 2732 est,'caret
3141 2674 3506 2746 simplic'tate.

1932 2729 2072 2832 Quid
2103 2749 2230 2804 ergo
2260 2739 2539 2798 dicemus?
2571 2747 2723 2815 Urget
2755 2769 2852 2807 nos
2883 2729 3004 2813 licet
3029 2761 3222 2821 invitos
3249 2729 3508 2832 [violentia

1933 2823 2194 2934 veritatis,
2227 2838 2319 2885 aut
2349 2847 2506 2886 uuam
2539 2837 2739 2894 Christi
2772 2856 3014 2904 naturam
3049 2871 3152 2909 non
3186 2863 3508 2934 praedicare;

1925 2921 2017 3010 aut
2050 2911 2248 3010 Patris,
2278 2931 2329 2973 et
2365 2921 2512 2987 Filii,
2538 2937 2592 2981 et
2631 2928 2862 2997 Spiritus
2890 2943 3079 3007 sancti,
3108 2947 3156 2998 id

340 2998 556 3004 _,--------
588 2998 710 3005 ----
767 2998 968 3007 _--..---
1009 2998 1164 3007 ,...-.-.
1200 2998 1391 3008 .-π-,η
1439 2998 1651 3024 .-.......,
1679 2998 1824 3013 me...
2004 3001 2016 3014 .
2062 3002 2074 3015 .
2162 3005 2172 3016 .
2715 3022 2726 3032 ,
3145 3037 3156 3048 .

245 3040 378 3093 mihi
412 3055 528 3108 quae
559 3041 744 3095 harum
777 3041 951 3111 periit,
983 3050 1040 3096 ut
1068 3057 1168 3096 una
1204 3042 1356 3098 fieret
1379 3061 1442 3098 ex
1473 3045 1697 3100 duabus.
1729 3048 1820 3103 Di-
1925 2998 2814 3123 :ff,"'f?“f_f’f’"_‘f‘fbs'fm'“
2845 3029 2929 3123 Fel
2961 3045 3244 3092 θδεθηίωίη
3293 3058 3507 3114 "€83"?-

505 3090 524 3094 -
987 3090 1040 3096 _-
1070 3090 1168 3096 --η
1204 3090 1356 3098 ---.--
1381 3090 1442 3098 ν-
1475 3090 1697 3100 παν-υ.
1729 3090 1787 3103 υ.
2107 3096 2118 3108 .
2631 3112 2643 3123 ,
3234 3090 3242 3092 ε
3293 3090 3506 3114 «cum.

241 3132 365 3183 vina
410 3090 583 3197 perire
629 3147 734 3185 non
777 3090 967 3199 potuit,
995 3133 1220 3186 humana
1266 3149 1368 3187 non
1414 3133 1616 3190 debuit.
1643 3140 1744 3190 Aut
1774 3137 1818 3192 si
1857 3190 1891 3199 η
1924 3090 2028 3199 ἕῳ
2075 3111 2120 3150 δ’
2170 3114 2326 3199 una?
2362 3107 2732 3199 _s"bm""am
2778 3120 2857 3173 "el
2903 3131 3189 3183 θεδεηίῖδῐη
3230 3135 3506 3197 Trinitatis

240 3222 444 3274 nullius
486 3222 646 3277 audet
686 3238 926 3277 asserere
955 3224 1325 3292 perditionem,
1358 3225 1500 3282 dicat
1529 3238 1704 3282 utrum
1750 3229 1820 3283 sit
1849 3190 1892 3250 Ο
1923 3197 2242 3305 ῗξξξῗιῗᾷ
2280 3192 2602 3305 ’ἑξωξωτυηξ
2626 3294 2639 3305 _
2664 3204 2897 3305 dogmati
2960 3217 3204 3275 \‘idemur
3267 3231 3504 3295 prmltcre

239 3311 418 3362 altera
453 3312 504 3363 in
535 3311 755 3365 alteram
799 3284 1120 3367 commutata
1152 3331 1165 3367 :
1194 3325 1248 3370 et
1276 3318 1319 3370 si
1358 3317 1579 3372 alteram
1606 3318 1656 3372 in
1689 3319 1821 3372 allec
1924 3287 2266 3382 2?"?efs“'“'
2294 3284 2372 3382 ΝῩ
2397 3302 2524 3359 ergo
2553 3293 2830 3353 videamur
2857 3303 3062 3363 Similes
3087 3314 3319 3382 ΑΓῘ³¹¹Ῐεν
3344 3335 3502 3380 "nam

648 3363 657 3364 κ
677 3363 753 3365 ηη-
807 3363 1119 3367 ----------.ηη
1152 3363 1165 3367 -
1198 3363 1248 3370 ,,
1276 3363 1319 3370 -.
1358 3363 1579 3372 ..---......
1606 3363 1656 3372 ...
1689 3363 1791 3372 ...ην
2037 3369 2048 3378 ,
2110 3371 2121 3381 ,
2357 3379 2368 3388 ⁸
3092 3363 3319 3382 ".'-‘*"-',
3347 3363 3502 3380 -ι-υιιι

238 3425 356 3462 ram
401 3411 637 3478 potuisse
683 3412 996 3465 commutari
1047 3413 1424 3484 suspitabitur,
1455 3416 1595 3471 dicat
1637 3435 1823 3474 rursus
1922 3363 2534 3524 Ξῖῖδϊθξξυὲἓὲξίὶχ.
2563 3385 2768 3444 duabus
2799 3403 3039 3494 flaturam
3090 3418 3194 3458 "0"
3243 3412 3505 3510 Ριςωάίοθ-

241 3511 421 3527 ..ι-...-..
469 3504 711 3527 .t:-.:--:._--
759 3506 808 3527 ι..
862 3521 1068 3527 ----.-.φ
1127 3521 1184 3527 -.Α
1235 3507 1281 3527 3.-
1347 3509 1437 3527 ιεμε
1483 3509 1598 3527 9.-.-
1645 3526 1650 3527 ,
1904 3505 1908 3509 '
2049 3501 2062 3526 υ
2438 3505 2450 3520 ι
2493 3485 2678 3527 l'lslum
2710 3492 2881 3527 DDIIIIQ
2904 3501 2968 3527 ριν
2997 3490 3196 3527 [Ιησιιιιιρ
3221 3508 3271 3527 Δ.
3297 3517 3345 3527 ...
3379 3504 3470 3527 .l-__,

241 3511 423 3556 utrum
467 3504 712 3558 divinitas
759 3506 811 3558 in
857 3521 1094 3570 carnem,
1123 3521 1188 3560 an
1234 3507 1286 3560 in
1332 3509 1661 3564 divinitatem
1695 3527 1820 3566 caro

1925 3489 2062 3570 Luna,
2090 3489 2184 3516 acu
2219 3489 2378 3522 unum
2411 3489 2678 3530 t.nrtsmm
2709 3489 2881 3548 potius
2904 3501 2968 3540 ex
2997 3490 3198 3549 duabus
3220 3508 3274 3552 et
3297 3503 3346 3554 in
3375 3504 3502 3560 dua~

237 3608 502 3647 conversa
543 3597 632 3648 sit.
663 3593 718 3649 Si
761 3599 903 3650 enim
933 3597 1181 3650 divinitas
1210 3597 1276 3650 ad
1309 3599 1610 3654 inferiorem
1641 3603 1819 3657 carnis

234 3685 454 3737 redacta
500 3695 582 3740 est
623 3685 958 3754 qualitatem,
992 3687 1310 3744 deteriorata
1354 3692 1722 3760 cognoscitur;
1764 3702 1819 3750 et

233 3777 342 3844 iam
391 3776 490 3830 sibi
533 3777 706 3847 potius
750 3789 958 3834 creator
988 3780 1160 3834 bonus
1190 3782 1457 3836 miseriam
1491 3786 1814 3854 procuravit,

238 3885 401 3938 quam
433 3871 586 3925 nobis
615 3872 1040 3927 misericordiam
1078 3876 1344 3943 pra'stitit.
1372 3875 1426 3931 Si
1452 3893 1576 3931 vero
1607 3894 1813 3947 perma-

234 3975 268 4012 n
292 3975 370 4012 'tts
395 3959 644 4016 iniiolata
669 3962 914 4016 divinitas
940 3964 1210 4019 absorbuit
1234 3967 1583 4022 substantiam
1614 3972 1810 4038 carnis,

235 4058 292 4101 ut
314 4048 423 4103 hoc
465 4064 584 4104 esse
632 4051 886 4121 inciperet
916 4069 1042 4108 caro
1071 4056 1210 4124 quod
1245 4057 1503 4124 Verbum,
1535 4061 1653 4128 quis
1682 4063 1814 4117 tole-

233 4141 480 4194 rabiliter
504 4142 682 4196 audiat
704 4153 1000 4199 creaturam
1030 4149 1175 4215 prius
1200 4157 1386 4202 cuncta
1416 4153 1704 4208 accidentia
1731 4171 1812 4210 re-

231 4234 523 4302 cipientem
557 4238 860 4304 pervenisse
887 4240 952 4293 ad
991 4256 1057 4310 ge
1098 4257 1160 4295 us
1188 4253 1240 4295 et
1271 4247 1559 4310 potentiam
1601 4257 1810 4302 creato-

231 4324 330 4387 ris,
365 4334 420 4377 ut
472 4336 615 4379 es:et
661 4328 836 4383 subito
882 4331 999 4384 sine
1045 4333 1182 4397 quali
1211 4343 1318 4396 ate,
1349 4335 1462 4388 sine
1493 4336 1806 4405 quantitate,

227 4414 351 4469 sine
381 4423 636 4484 tempore,
663 4420 778 4474 sine
805 4420 943 4485 loco,
972 4423 1087 4476 sine
1132 4424 1256 4487 situ,
1286 4425 1401 4479 sine
1448 4427 1804 4494 passionibus,

226 4503 346 4557 sine
380 4504 579 4571 habitu,
608 4509 808 4576 perdita
839 4511 1141 4572 conditione
1170 4515 1408 4581 facturae,
1433 4517 1550 4571 solo
1579 4519 1802 4575 ludendi

228 4591 413 4659 vigore
441 4594 569 4648 subr
586 4596 703 4651 ira?

300 4702 355 4757 9.
405 4703 593 4760 Timeo
637 4723 701 4762 ne
749 4710 1091 4780 ampliﬁcatio
1149 4725 1391 4770 .reatnra:
1433 4720 1692 4775 creatoris
1734 4722 1805 4777 sit

225 4794 407 4861 potius
439 4796 756 4862 imminutio,
789 4809 1034 4870 tanquam
1082 4803 1220 4859 Deus
1256 4808 1541 4878 indiguerit
1586 4809 1801 4864 addita-

224 4894 412 4938 mento
451 4887 628 4940 carnis
672 4892 884 4959 augeri;
916 4893 1037 4961 quia
1069 4905 1122 4948 et
1154 4896 1319 4950 multo
1351 4899 1560 4954 facilius
1605 4902 1798 4955 mutari

222 4977 468 5046 potuisse
499 4978 586 5033 illa
618 4992 802 5036 natura
853 4985 1079 5052 dicetur,
1124 4987 1175 5041 in
1219 5003 1374 5058 quam
1418 4991 1586 5060 potuit
1633 4993 1795 5048 altera

222 5070 560 5124 commutari.
580 5073 747 5128 Nimis
770 5076 1053 5132 absurdam
1074 5081 1393 5137 sententiam
1418 5085 1628 5139 silentio
1652 5101 1800 5139 man-

220 5160 494 5226 t-ipemns;
523 5171 577 5219 ut
608 5164 652 5216 si
687 5169 882 5220 nullam
913 5168 980 5222 de
1007 5170 1209 5224 duabus
1241 5172 1323 5226 bis
1353 5179 1554 5230 naturis
1587 5179 1636 5229 itt
1668 5177 1800 5230 alte-

220 5268 334 5305 ratn
385 5255 624 5320 potuisse
665 5261 935 5313 transferri
984 5262 1181 5331 liquitlo
1229 5266 1430 5333 c‘aret,
1483 5271 1798 5338 respondeat

219 5353 398 5395 utrum
447 5344 584 5400 forte
632 5350 910 5415 permixtio
961 5362 1267 5409 naturarum
1320 5360 1566 5425 duarum,
1602 5363 1795 5417 nullius

217 5447 406 5484 carum
442 5438 762 5501 proprietate
787 5453 1016 5509 servata,
1047 5460 1236 5499 novam
1271 5461 1524 5504 naturam
1553 5454 1670 5505 novi
1703 5469 1796 5521 ge—

216 5524 365 5576 neris
410 5523 612 5581 fecerit.
645 5528 707 5583 Et
738 5533 781 5583 si
815 5532 951 5587 hanc
978 5537 1128 5589 unius
1159 5540 1467 5596 mediatoris
1510 5558 1664 5598 unam
1697 5560 1794 5600 na-

215 5625 389 5670 turam
423 5620 711 5686 praedicare
739 5625 988 5692 voluerit,
1020 5644 1123 5682 non
1165 5629 1375 5688 interim
1409 5638 1622 5706 requiro
1653 5639 1795 5709 quali

290 5758 314 5786 ι
341 5751 438 5806 llic
467 5752 656 5810 deesse
684 5757 890 5814 videtur
917 5761 1229 5818 rztbstantite.

1918 3545 2018 3603 bus
2051 3555 2254 3607 naturis
2286 3560 2682 3630 confitendum;
2717 3586 2814 3624 nec
2845 3577 3165 3636 Arianorum
3196 3589 3498 3654 polluamur

1919 3656 2157 3742 veneno,
2188 3663 2286 3700 nec
2327 3654 2596 3719 superﬂua
2625 3658 2902 3719 delirantis
2935 3669 3242 3741 Eutychetis
3270 3682 3500 3742 inebrie-

1920 3744 2043 3783 mttr
2071 3731 2455 3802 disputatione.
2484 3743 2625 3800 Deus
2657 3749 2980 3819 unigenitus,
3017 3731 3107 3815 Dei
3151 3763 3312 3823 Filius
3341 3731 3498 3832 verus

1914 3827 1970 3918 et
1999 3826 2245 3891 proprius
2280 3843 2413 3884 unus
2454 3830 2572 3900 fuit,
2607 3842 2820 3904 quando
2855 3843 2922 3898 In
2952 3851 3202 3917 principio
3229 3871 3336 3912 erat
3374 3826 3498 3918 Vter:

1917 3910 2056 3980 bum,
2082 3923 2127 3968 et
2158 3915 2380 3973 Verbum
2420 3933 2528 3976 erat
2565 3930 2705 3997 apud
2735 3931 2921 3999 Deum,
2951 3910 3001 3991 et
3047 3910 3186 3998 Deus
3229 3910 3336 4004 erat

1915 3999 2051 4103 eum.
2087 4003 2200 4113 (fac
2236 4019 2344 4062 erat
2387 4011 2440 4064 in
2489 4017 2742 4085 principio
2789 4026 2927 4092 apud
2973 4026 3154 4086 Deum.
3190 3999 3500 4113 Oﬁmn'iavper

1918 4091 2250 4204 ipsum'facta
2279 4112 2418 4166 sunt,
2441 4113 2489 4157 el
2509 4107 2618 4159 sine
2645 4109 2755 4179 ipso
2776 4113 2967 4179 factum
2996 4130 3066 4173 est
3092 4124 3224 4178 nihil
3249 4091 3492 4204 (λοίπης,

1916 4184 2054 4255 1-5).
2091 4186 2238 4244 Unus
2266 4199 2424 4261 atque
2454 4195 2593 4251 idem
2625 4211 2728 4268 est,
2756 4207 2970 4272 quando
2999 4210 3229 4272 Verbum
3254 4184 3490 4282 caro—ia:

1912 4286 2052 4333 ctum
2105 4291 2208 4386 est,
2246 4295 2300 4339 et
2349 4289 2602 4346 habitavit
2651 4296 2705 4350 in
2754 4301 2926 4356 nobis.
2981 4305 3266 4379 Propterea
3316 4322 3490 4386 prius-

1921 4383 2077 4436 quam
2111 4373 2270 4443 Virgo
2305 4377 2463 4433 Maria
2493 4386 2829 4456 conciperet,
2863 4392 3004 4452 Deus
3031 4373 3265 4459 Trinitas
3289 4373 3489 4470 creavit

1911 4473 2042 4563 nos;
2085 4473 2150 4572 ,ει
2181 4475 2524 4572 posteaquam
2556 4486 2740 4530 sancti
2783 4481 2985 4550 Spiritu
3031 4491 3351 4557 fecundante
3398 4521 3488 4572 pe-

1833 4570 1883 4629 ι)
1917 4553 2053 4617 perit
2085 4552 2416 4624 Emmanuel,
2449 4561 2499 4614 id
2529 4573 2632 4629 est,
2669 4569 2942 4628 nobiseum
2975 4579 3163 4650 Deum,
3367 4552 3486 4650 Trri-

1912 4643 2049 4698 nitas
2081 4645 2304 4700 redemit
2332 4665 2427 4704 nos
2460 4668 2473 4705 :
2505 4661 2628 4711 ante
2655 4657 3108 4730 dispensationem
3141 4643 3484 4741 carnis—Deus

1909 4742 2092 4840 nqster
2120 4735 2384 4803 Trinitas;
2419 4752 2538 4809 post
2565 4751 2832 4816 negotium
2862 4761 3056 4825 crucis,
3085 4774 3139 4818 et
3168 4778 3287 4835 post
3315 4735 3486 4840 spolia

1909 4825 2238 4882 infernorum
2263 4870 2279 4895 ,
2316 4831 2456 4888 Deus
2499 4847 2682 4894 noster
2711 4841 2962 4904 Trinitas.
2995 4825 3480 4931 Quare.ltoc?'qu_ia

1905 4918 2042 4974 sicut
2071 4936 2208 4975 unus
2235 4921 2352 4990 ftiit,
2377 4938 2480 4997 est,
2512 4941 2563 4984 et
2590 4933 2690 4986 erit
2722 4935 2900 5005 Pater,
2930 4918 3114 5011 qui'de
3139 4949 3347 5018 Virgine
3371 4918 3478 5012 non

1905 5017 1988 5098 est
2018 5019 2205 5077 natus;
2250 5016 2387 5069 sicut
2425 5033 2559 5074 unus
2600 5021 2718 5088 fuit,
2747 5037 2847 5093 est,
2882 5035 3064 5087 eterit
3093 5016 3322 5103 Spiritus
3351 5055 3479 5098 san-

1901 5087 2146 5170 ctu4,qui
2177 5103 2426 5162 similiter
2447 5111 2515 5165 de
2540 5111 2754 5182 Virgine
2784 5134 2887 5174 non
2917 5134 2996 5175 est
3025 5135 3206 5192 natus;
3238 5131 3306 5185 ita
3337 5149 3476 5192 unus

1900 5201 1983 5246 est
2010 5194 2171 5248 etiam
2202 5197 2391 5266 Filius,
2425 5204 2513 5272 qui
2562 5205 2629 5260 de
2664 5207 2876 5278 Virgine
2925 5219 3079 5269 natus
3125 5231 3226 5279 est.
3257 5227 3478 5284 Assum-

1902 5288 2010 5354 ptio
2040 5287 2112 5342 illi
2149 5290 2245 5343 fuit
2273 5291 2492 5347 alterius
2521 5305 2544 5331 ⁸
2574 5297 2640 5351 ad
2672 5315 2830 5354 unam
2861 5318 3162 5370 persanam.

1973 5375 2058 5429 10.
2088 5375 2268 5431 Crevit
2305 5395 2431 5449 ergo
2481 5398 2573 5449 pt-r
2617 5387 2944 5446 nativitatem
2976 5400 3152 5453 carnis
3181 5402 3231 5456 iit
3262 5401 3475 5463 Christo

1902 5480 2156 5518 numeris
2207 5467 2646 5541 substantiarum,
2681 5477 3018 5548 singularitas
3057 5503 3185 5545 vero
3235 5508 3476 5560 persona

1903 5559 2291 5621 perseveravit.
2326 5555 2528 5616 Idcirco
2557 5570 2795 5633 quamvis
2823 5573 2924 5626 alia
2956 5578 3025 5629 sit
3065 5555 3249 5635 natura
3278 5583 3468 5640 divini-

1903 5645 2046 5715 tatis,
2071 5645 2175 5700 alia
2202 5645 2570 5722 humanitatis,
2600 5672 2702 5712 non
2728 5660 2794 5742 Alit
2823 5661 3056 5722 Trinitas
3086 5667 3171 5723 illa
3204 5676 3472 5742 quaterni—
