3998 6202
508 338 609 394 899

1404 330 1791 386 ‘FULGENTH
1832 329 2178 385 FiiﬂiiANDl
2223 329 2492 385 DIACONI
2534 328 2872 387 CARTIIAC.

3680 334 3794 389 900

512 456 629 505 tas.
661 447 782 516 quia
834 458 1183 512 personarum
1223 454 1304 495 est
1330 441 1583 508 Trinitas,
1612 458 1729 511 qum
1781 444 1832 496 itt
1883 441 2098 501 Christo
2125 454 2176 508 Α
2206 443 2344 497 nitas
2392 455 2831 509 connunteratur,
2857 452 2912 496 et
2952 442 3315 513 unusquisque
3346 461 3534 498 eorum
3566 446 3690 499 dum
3722 451 3795 504 de

511 555 615 594 una
650 537 962 607 permansit.
994 535 1143 590 Unus
1190 544 1270 588 cst
1314 533 1539 603 proinde
1570 534 1837 601 (Lhristus,
1868 546 1921 591 et
1952 551 2093 592 sem-

510 645 605 698 per
632 642 792 691 unus,
814 634 1032 701 propter
1060 625 1217 679 unius
1251 639 1490 694 personte
1517 624 1957 694 singularitatem,
1979 613 2105 695 quas

510 721 563 773 itt
596 734 661 774 eo
695 733 795 772 nec
823 717 1008 783 dividi,
1040 732 1137 771 nec
1166 716 1455 778 subdividi,
1484 730 1583 770 nec
1611 716 1869 784 duplicari
1898 725 2093 786 potest,

504 811 748 882 quamvis
778 825 842 865 ex
875 810 1079 863 duabus
1122 818 1175 864 et
1202 809 1251 862 in
1283 808 1489 875 duabus
1511 808 1761 864 credatur
1784 823 1905 868 esse
1941 818 2097 863 natu-

510 903 603 955 ris.
640 901 832 956 Libere
867 901 1028 971 igitur
1059 899 1259 968 absque
1289 900 1397 952 ulla
1431 899 1715 954 formidine
1744 898 2097 961 confiteamur

504 993 660 1046 unius
690 992 887 1046 Christi
920 1000 1139 1045 naturas
1166 990 1319 1055 duas,
1342 990 1573 1044 divinam
1599 990 1809 1046 scilicet
1835 1000 1887 1061 el
1910 989 2098 1053 huma-

505 1110 661 1159 nam,
696 1092 931 1148 Verbum
964 1102 1017 1146 et
1044 1107 1260 1147 carnem
1285 1130 1299 1154 ,
1332 1088 1633 1144 manifestis
1662 1088 2096 1153 distinctionibus

503 1195 826 1256 apparentes
858 1204 870 1239 :
904 1194 957 1239 et
984 1184 1109 1254 quid
1142 1185 1435 1239 secundum
1478 1199 1664 1239 earum
1713 1185 2094 1253 proprietatem

508 1282 609 1335 rite
643 1280 809 1348 possit
845 1280 1091 1349 intelligi,
1126 1277 1229 1346 per'
1249 1278 1427 1331 omnia
1459 1278 1635 1330 divina
1666 1276 1933 1330 volumina
1962 1276 2095 1328 sim-

502 1371 715 1440 plit-iter
758 1370 1069 1432 audientes,
1115 1368 1416 1422 nullatenus
1464 1368 1803 1433 dubitemus,
1852 1367 2095 1433 qntedztnt

508 1462 668 1515 verba
700 1459 986 1523 divinitati,
1019 1458 1262 1528 quaedam
1294 1473 1422 1513 vero
1466 1457 1779 1512 humanitati
1820 1456 1936 1525 ejus
1980 1459 2097 1510 sine

503 1554 845 1622 separatione
871 1566 1093 1621 prorsus
1124 1551 1316 1617 aptari.
1346 1551 1397 1603 Si
1427 1549 1547 1618 quis
1578 1550 1719 1602 enim
1753 1564 1837 1601 me
1864 1547 2094 1603 interro-

502 1654 594 1715 gat
622 1660 638 1698 :
674 1644 784 1715 Ego
813 1654 860 1698 et
890 1642 1049 1696 Pater
1078 1659 1235 1696 unum
1265 1657 1438 1695 sumus
1469 1640 1649 1711 (Joan.
1678 1656 1731 1705 ι,
1754 1640 1884 1709 ΞΟ),
1918 1649 2096 1697 utrum

503 1752 606 1792 vox
641 1738 741 1792 ista
774 1736 1070 1790 secundum
1098 1735 1431 1790 divinitatem
1464 1734 1669 1802 prolata
1698 1733 1791 1797 sit,
1810 1749 1876 1787 an
1907 1748 2097 1788 secun-

2203 535 2461 590 Trinitate
2509 550 2630 591 esse
2676 537 2897 603 dicitur,
2937 552 2970 591 a
3028 538 3289 593 creaturis
3339 540 3556 593 caeteris
3596 556 3789 610 seque-

2196 635 2416 685 Sll‘allll‘.

2269 739 2356 797 ll.
2388 740 2576 797 Omnis
2604 742 2745 796 enim
2774 756 2860 796 res
2886 749 2977 796 aut
3006 740 3149 797 Deus
3176 750 3280 808 εει,
3310 751 3404 797 aut
3429 753 3704 799 creatura.
3733 746 3788 801 Si

2198 829 2338 884 Deus
2363 839 2467 899 est,
2487 840 2729 886 creatura
2761 847 2865 886 non
2891 843 3006 898 est;
3037 835 3081 887 si
3109 844 3353 889 creatura
3385 843 3492 899 est,
3518 836 3662 890 Deus
3689 854 3789 892 non

2196 932 2298 975 est.
2326 923 2465 977 Deus
2494 933 2670 978 autem
2698 924 2929 979 Trinitas
2958 932 3042 978 est
3067 926 3223 981 unius
3254 926 3576 985 substantias
3603 930 3688 984 vel
3706 946 3792 985 es-

2197 1018 2417 1078 sentite;
2450 1025 2693 1069 creatura
2719 1031 2817 1084 per
2842 1016 3155 1073 multimoda
3176 1017 3517 1073 diversarum
3541 1019 3791 1074 substan-

2200 1108 2391 1161 tiarum
2420 1109 2754 1163 distribuitur
2776 1110 3118 1177 gettera.,Qni
3150 1127 3276 1179 ergo
3302 1111 3442 1166 Deus
3464 1121 3571 1179 est,
3590 1122 3647 1166 et
3672 1129 3792 1180 pro-

2200 1200 2332 1266 prie.
2360 1199 2409 1252 id
2440 1209 2545 1266 est,
2565 1215 2723 1255 verae
2749 1209 2828 1255 ter
2861 1202 3000 1257 Dens
3030 1212 3133 1265 est,
3158 1213 3250 1256 aut
3278 1202 3457 1266 Pater,
3476 1216 3570 1255 aut
3600 1203 3659 1256 ει
3684 1205 3787 1267 ius,

2197 1300 2291 1344 aut
2323 1290 2554 1357 Spiritus
2593 1300 2812 1349 sanctus
2843 1302 2948 1347 eat.
2972 1294 3186 1362 Et'quia
3217 1309 3389 1361 neque
3421 1294 3583 1347 Pater
3610 1297 3789 1358 solus,

2200 1397 2373 1451 neque
2404 1386 2550 1437 solus
2578 1383 2765 1450 Filius,
2794 1401 2966 1454 neque
2995 1386 3145 1438 solus
3172 1386 3401 1453 Spiritus
3428 1396 3651 1441 sanctus
3670 1387 3788 1442 τῆς

2200 1473 2340 1531 nitas
2365 1484 2483 1542 est,
2510 1478 2603 1531 sed
2628 1478 2785 1531 simul
2811 1478 2989 1546 Pater,
3015 1479 3178 1534 Filius
3207 1492 3259 1533 et
3282 1478 3516 1547 Spiritus
3539 1492 3783 1539 sanctus:

2200 1574 2255 1618 et
2290 1566 2443 1620 Pater
2470 1577 2724 1623 unus’est
2753 1568 2820 1622 de
2850 1569 3143 1634 Trinitate,
3164 1579 3219 1623 et
3250 1570 3415 1622 Filius
3446 1585 3585 1623 unus
3616 1580 3697 1624 est
3722 1574 3787 1624 de

2201 1640 2487 1725 Triniiate,
2512 1669 2567 1713 et
2601 1659 2830 1727 Spiritus
2875 1669 3091 1714 sanctus
3132 1675 3268 1715 unus
3298 1670 3381 1716 est
3411 1660 3476 1715 de
3503 1660 3787 1716 Trinitate.

2201 1753 2339 1819 Quid
2366 1769 2492 1823 ergo
2521 1754 2680 1819 dicit,
2715 1754 3178 1824 quicunquedicit
3207 1772 3220 1806 :
3255 1754 3403 1809 Unus
3428 1754 3493 1808 de
3521 1754 3791 1810 Trinitate

502 1826 629 1882 dum
675 1826 1099 1903 humanitatem;
1147 1823 1464 1878 ﬁdttcinliter
1496 1823 1843 1891 respondeo:
1887 1822 2089 1877 Secun-

2210 1844 2392 1909 l~‘ilius,
2423 1822 2525 1898 nisi
2561 1862 2571 1895 :
2605 1822 2874 1899 Nolieum
2914 1822 3160 1911 quaerere
3187 1844 3324 1898 inter
3342 1846 3667 1899 creaturas?
3696 1843 3787 1899 Fi-

503 1923 629 1978 dum
662 1921 1019 1986 divinitatem,
1051 1934 1154 1973 non
1185 1917 1479 1974 secundum
1514 1916 1922 1970 humanitatem.
1954 1915 2019 1969 Et
2042 1914 2094 1968 si

501 2016 625 2085 quis
656 2016 847 2071 iterum
881 2013 1117 2083 requirat
1147 2030 1162 2067 :
1196 2009 1353 2063 Pater
1382 2011 1548 2077 major
1575 2024 1653 2061 me
1677 2015 1748 2063 ett
1778 2005 1955 2075 (Joan.
1983 2021 2093 2070 xw,

2204 1938 2305 1991 lius
2334 1952 2462 2006 ergo
2506 1938 2800 1992 secundum
2831 1936 3201 2002 divinitatem,
3229 1938 3351 2005 quia
3380 1951 3487 1991 nun
3520 1948 3608 1991 est
3635 1952 3786 1993 crea-

2201 2037 2319 2083 tura
2338 2070 2352 2092 ,
2378 2028 2471 2083 sed
2501 2036 2735 2093 creator,
2766 2042 2905 2083 unus
2931 2036 3013 2085 est
3036 2027 3103 2081 de
3128 2027 3418 2092 Trinitate;
3441 2038 3498 2083 et
3521 2029 3645 2097 quia
3678 2030 3787 2095 ipse

500 2108 622 2179 28)ν
655 2117 833 2163 ""“m
863 2122 964 2163 Vo‘
1010 2106 1108 2160 is”
1158 2102 1452 2157 θθθυηδυίη
1498 2100 1842 2161 divinitatem
1890 2100 2096 2168 9mm“
2192 2121 2492 2179 secundum
2540 2121 2925 2177 humanitatem
2976 2120 3223 2189 dignatus
3272 2131 3352 2175 est
3400 2121 3532 2189 pati,
3573 2130 3787 2188 propter

486 2209 591 2273 sit,
621 2222 689 2261 an
729 2205 1025 2261 secundum
1075 2202 1498 2267 humanitatem;
1529 2200 1841 2256 ﬁducialiter
1869 2214 2097 2268 respon-

503 2298 608 2354 deo
634 2314 648 2350 :
678 2295 985 2352 Secundum
1014 2294 1421 2357 humanitatem,
1450 2306 1557 2346 non
1584 2293 1878 2347 secundum
1905 2291 2100 2345 divini-

505 2397 671 2443 tatem
708 2406 718 2440 :
756 2402 933 2455 neque
980 2396 1156 2440 tamen
1189 2392 1409 2454 propter
1439 2383 1542 2437 hoc
1570 2382 1746 2452 aliqua
1776 2397 1965 2437 earum
1997 2396 2097 2436 vox

501 2481 701 2539 Christi
730 2495 835 2535 non
865 2479 1000 2543 erit;
1033 2486 1259 2543 tttratjue
1283 2474 1424 2530 enim
1453 2490 1556 2528 vox
1583 2474 1649 2529 ad
1675 2488 1837 2535 unum
1868 2474 2099 2541 pertinet

498 2573 797 2638 Christum,
824 2572 975 2640 cujus
1007 2577 1091 2624 est
1121 2566 1377 2627 divinitas
1404 2574 1459 2621 et
1488 2564 1790 2619 humanitas
1831 2581 1844 2616 :
1876 2577 2098 2633 separa-

501 2663 575 2719 tio
624 2663 711 2719 hic
757 2662 900 2717 nulla
950 2658 1258 2715 introducta
1300 2666 1405 2721 est,
1440 2656 1561 2725 quia
1594 2670 1759 2711 unam
1788 2669 1977 2710 vocem
2005 2670 2097 2711 se-

494 2762 733 2825 cundum
781 2774 939 2817 unam
987 2757 1344 2813 substantiam
1380 2769 1538 2825 posse
1568 2755 1797 2826 intelligi
1828 2756 2092 2822 diximus,

503 2854 797 2913 secundum
844 2854 1073 2909 alteram
1120 2862 1252 2903 vero
1303 2847 1636 2917 negavimus.
1677 2845 1911 2901 Cuilibet
1950 2846 2096 2899 enim

506 2954 715 3001 natura
762 2958 869 2997 vos
915 2938 1219 3005 conveniat,
1266 2938 1388 2993 ideo
1436 2938 1556 2992 sine
1602 2937 1943 3007 separatione
1988 2952 2096 2990 non

501 3036 758 3095 convenit
793 3034 980 3101 alteri,
1022 3030 1146 3101 quia
1182 3031 1331 3087 illius
1366 3044 1623 3100 [persona
1664 3038 1778 3098 est,
1822 3029 1974 3099 cujus
2016 3016 2100 3085 εει

505 3136 735 3198 utraque
783 3137 993 3180 natura.
1025 3123 1409 3178 Necessitatem
1460 3135 1618 3176 nemo
1663 3121 1819 3177 nobis
1863 3122 2096 3192 ingerat,

2180 2957 2445 3023 persona:
2465 2942 2805 3003 commendat
2832 2944 2883 2997 in
2915 2945 3153 3014 utrisque
3180 2944 3389 3001 naturis

2172 2216 2301 2270 hoc
2340 2230 2477 2270 unus
2521 2216 2589 2270 de
2627 2216 2886 2271 Trinitate
2916 2214 3109 2269 dici:nr
3141 2228 3344 2282 passus.
3379 2213 3512 2269 Tale
3559 2225 3642 2269 cst
3689 2212 3789 2266 ita-

2200 2321 2332 2375 que,
2372 2314 2633 2375 quantum
2682 2307 2940 2375 conjicio,
2989 2308 3097 2361 imo
3141 2308 3318 2376 potius
3366 2316 3628 2376 quantum
3672 2321 3788 2362 cre-

2199 2395 2271 2450 do
2300 2411 2315 2448 :
2350 2396 2495 2453 Unus
2512 2406 2593 2453 est
2624 2395 2691 2451 de
2722 2396 2983 2452 Trinitate
3013 2410 3222 2465 passus,
3252 2397 3413 2464 quale
3439 2406 3527 2452 est
3553 2397 3733 2450 dicere
3766 2412 3782 2449 :

2206 2486 2453 2547 Deusest
2481 2501 2690 2554 passus.
2724 2486 2874 2543 Sicut
2899 2495 3078 2543 autem
3122 2486 3368 2555 quisquis
3398 2486 3570 2543 Deum
3602 2488 3787 2555 pradi-

2200 2587 2289 2632 cat
2312 2591 2550 2646 passum,
2581 2593 2686 2633 non
2726 2577 3083 2637 substantiam
3116 2579 3418 2633 divinitatis
3450 2578 3591 2633 facit
3617 2580 3789 2647 passi-

2201 2668 2386 2734 bilem,
2414 2668 2507 2722 sed
2533 2668 2828 2723 divinitatis
2854 2667 3203 2736 impassibilis
3226 2679 3279 2724 et
3306 2668 3789 2737 humanitaisqua

2199 2759 2468 2829 sultjacttit
2516 2760 2772 2828 passioni,
2806 2773 2964 2813 unam
2994 2768 3262 2814 monstrat
3304 2774 3425 2814 esse
3472 2774 3789 2829 personam,

2200 2853 2279 2923 sic
2310 2868 2470 2907 unttm
2518 2852 2585 2907 de
2627 2852 2890 2907 Trinitate
2924 2867 3137 2925 passum
3164 2852 3459 2921 praedicans
3483 2894 3498 2917 ,
3524 2855 3788 2909 unitatem

3433 2962 3447 2996 :
3495 2944 3789 3001 excludens

2200 3034 2532 3107 Nestoriante
2581 3035 2854 3091 hereseos
2878 3034 3138 3107 nefariam
3173 3036 3542 3105 perﬁdamque
3584 3038 3789 3093 doctri-

2202 3140 2324 3181 nam
2352 3128 2486 3197 duos
2510 3126 2649 3181 ﬁlios
2673 3125 2995 3193 inducentis.
3026 3126 3191 3197 Neget
3206 3116 3369 3195 igitur
3386 3143 3549 3181 unum
3568 3126 3642 3182 de
3662 3128 3789 3182 Tri-

500 3233 665 3273 unam
699 3216 995 3286 prmdicare
1025 3221 1294 3269 naturam.
1320 3212 1473 3266 Duos
1516 3212 1654 3267 (ilius
1704 3212 1916 3281 ignorat
1961 3211 2093 3268 tides
2123 3202 2170 3265 C
2203 3222 2369 3285 nitate
2394 3233 2637 3287 passum,
2665 3219 2755 3288 qui
2782 3233 2980 3288 negare
3021 3218 3137 3272 vult
3182 3218 3345 3273 Deum
3372 3232 3612 3287 passum.
3647 3219 3790 3285 Quo-

496 3308 783 3372 .catbelica,
815 3305 1193 3377 quaternitatis
1238 3313 1539 3360 assertores
1588 3304 1813 3357 omnino
1854 3303 2092 3358 detesta-

501 3408 625 3464 tur;
673 3406 729 3453 et
768 3397 969 3453 idcirco
1011 3410 1174 3461 nunc,
1206 3402 1465 3464 quantum
1484 3393 1747 3461 arbitror,
1774 3395 2094 3465 quihusdam

498 3500 667 3547 recta:
695 3489 818 3544 ﬁdei
847 3487 1281 3545 custodientibus
1310 3487 1571 3557 tegulam,
1602 3486 1801 3556 placuit
1830 3502 1996 3541 unum
2027 3487 2096 3542 de

503 3589 771 3645 Trinitate
798 3602 1015 3658 passum
1050 3587 1229 3643 l'ateti.
1263 3585 1403 3639 Nihil
1434 3585 1630 3655 quippe
1659 3585 1801 3640 aliud
1832 3588 2097 3640 sentent'a

508 3680 627 3735 haec
673 3679 949 3735 insinuare
991 3678 1355 3746 cognoscitur,
1390 3675 1494 3730 nisi
1524 3676 1696 3745 ipsum
1729 3689 1849 3730 esse
1878 3690 2095 3747 passum

503 3771 558 3826 in
589 3785 775 3834 carne,
805 3768 896 3837 qui
941 3767 1009 3822 de
1052 3767 1211 3822 Patre
1236 3766 1372 3820 Deo
1417 3772 1574 3819 natus
1600 3772 1703 3832 est,
1734 3764 1785 3818 id
1815 3773 1919 3830 est,
1945 3764 2100 3820 Chri-

507 3872 674 3928 stum,
702 3875 771 3917 ne
802 3869 1017 3929 putetur
1048 3858 1209 3915 homo
1239 3872 1403 3929 purus
1434 3859 1697 3914 tolerasse
1727 3859 1991 3928 passionis
2022 3863 2093 3915 ‘n-

504 3957 693 4024 iurias.
720 3953 831 4009 Hoc
859 3968 989 4024 ergo
1017 3954 1167 4020 dicit,
1189 3954 1280 4023 qui
1310 3967 1474 4007 unum
1500 3952 1568 4007 de
1592 3951 1847 4010 Trinitate
1884 3963 2098 4023 passum

506 4054 661 4109 dicit.
693 4054 806 4108 Non
840 4060 938 4108 est
964 4062 1151 4122 quarta
1184 4066 1415 4121 persona
1449 4051 1537 4120 qui
1569 4065 1757 4119 passus
1785 4059 1886 4113 est,
1911 4050 2003 4105 sed
2032 4049 2098 4104 ad

502 4159 789 4200 numerum
818 4143 1051 4211 pertinet
1075 4140 1373 4195 Trinitatis.
1391 4141 1612 4195 Manetts
1638 4142 1783 4195 enim
1814 4142 1908 4195 1)ρί
1934 4140 2101 4195 Filius

507 4234 855 4305 impassibilis
878 4233 1171 4288 secundum
1200 4230 1560 4297 divinitatem,
1588 4244 1682 4298 per
1705 4231 2101 4298 susceptionem

507 4345 716 4390 naturas
746 4332 1015 4403 passibilis
1046 4329 1284 4400 passioni
1316 4326 1600 4397 subjacnit.
1632 4328 1700 4381 Et
1728 4330 1969 4397 quamvis
1998 4328 2101 4384 alia

510 4429 585 4482 sit
612 4428 665 4480 in
699 4426 788 4480 illo
816 4433 1009 4477 natura
1040 4438 1135 4493 per
1164 4436 1323 4492 quam
1356 4434 1574 4490 semper
1604 4420 1950 4490 impassibilis
1981 4438 2099 4491 per-

513 4530 748 4585 severat,
775 4519 878 4573 alia
923 4532 1018 4587 per
1048 4533 1205 4588 quam
1238 4515 1436 4571 dicitur
1466 4516 1834 4585 temporaliter
1875 4518 2095 4586 passus,

2200 3313 2361 3368 modo
2389 3320 2568 3377 autem
2600 3311 2745 3366 Deus
2776 3326 2968 3380 passus
3001 3310 3070 3364 sit
3118 3311 3255 3364 bene
3282 3324 3471 3366 omnes
3500 3311 3691 3366 ﬁdeles
3713 3314 3792 3367 iu-

2201 3403 2465 3474 tellignnt,
2489 3402 2785 3459 secundum
2809 3416 3024 3458 carnem
3052 3401 3288 3465 scilicet,
3312 3401 3604 3457 secundum
3629 3416 3791 3470 quam

2203 3496 2380 3564 potuit
2409 3494 2573 3549 Deus.
2608 3494 2858 3562 Alioquin
2912 3507 2977 3547 su
3007 3490 3268 3563 cipienda:
3298 3491 3476 3545 carnis
3531 3492 3675 3544 nulla
3707 3506 3792 3545 re-

2176 3595 2444 3657 ,ntancret
2494 3598 2657 3641 causa
2711 3582 3028 3654 probabilis,
3054 3583 3099 3637 si
3124 3582 3389 3651 potuisset
3410 3598 3504 3651 per
3533 3598 3593 3637 se
3620 3584 3789 3651 ipsam

2182 3676 2441 3755 ipassioni
2473 3675 2753 3744 subjacere
2780 3674 3051 3730 divinitas.
3077 3673 3152 3729 Ita
3187 3683 3313 3728 nota
3351 3683 3482 3743 sunt
3509 3673 3626 3729 hac
3657 3688 3792 3744 pene

2201 3770 2451 3822 omnibus
2504 3766 2859 3833 Christianis,
2920 3774 2981 3823 ut
3026 3765 3459 3837 quandocunque
3508 3767 3792 3837 przedicari

2200 3862 2425 3918 audiunt
2469 3861 2636 3916 Deum
2686 3875 2901 3931 passum
2924 3904 2937 3927 ,
2973 3875 3080 3915 non
3120 3859 3419 3929 intelligant
3458 3860 3560 3915 nisi
3597 3860 3793 3915 Filium

2203 3952 2321 4019 Dei,
2351 3968 2449 4009 nec
2475 3953 2762 4023 opinentur
2785 3952 2939 4007 aliter
2969 3966 3183 4022 passum
3208 3992 3225 4017 ,
3256 3952 3359 4006 nisi
3382 3954 3657 4023 quomodo
3683 3953 3794 4021 pati

2202 4056 2256 4100 et
2276 4043 2459 4099 debuit
2487 4053 2541 4099 ct
2571 4042 2743 4112 potuit
2767 4042 2927 4106 Deus,
2963 4042 3259 4098 secundum
3283 4042 3639 4098 substantiam
3664 4057 3795 4097 car-

2203 4137 2287 4193 nis
2312 4152 2470 4207 quant
2495 4132 2734 4203 suscepit
2781 4150 2849 4189 ex
2888 4144 3084 4190 matre.
3118 4133 3210 4189 Sic
3251 4147 3383 4203 ergo
3412 4133 3627 4203 quoties
3657 4147 3797 4188 unus

2203 4229 2271 4284 de
2300 4227 2563 4283 Trinitate
2593 4218 2789 4282 dicitur
2808 4240 2995 4295 passus
3013 4265 3028 4289 ,
3048 4238 3210 4281 nemo
3236 4223 3430 4295 saltem
3455 4224 3796 4293 interrogare

2203 4318 2546 4388 compellitur
2570 4335 2584 4374 :
2607 4317 2708 4385 Qui
2730 4318 2905 4373 unus?
2934 4325 3112 4375 utrum
3158 4315 3349 4371 Pater?
3380 4329 3447 4371 an
3499 4314 3704 4371 Filius?
3726 4330 3797 4369 an

2204 4412 2434 4481 Spiritus
2464 4411 2715 4465 sanctus?
2739 4410 2846 4465 Sed
2876 4425 3001 4465 mox
3027 4407 3230 4465 dixeris
3252 4422 3493 4476 passum,
3532 4407 3798 4463 continuo

2206 4505 2513 4575 intelligunt
2534 4503 2750 4574 Filium,
2777 4517 2933 4574 quem
2959 4502 3339 4561 solumsciunt
3359 4501 3800 4556 contestantihus

512 4615 628 4683 ipse
656 4620 835 4666 tamen
864 4610 1210 4680 impassibilis
1233 4624 1419 4678 passus
1446 4619 1532 4665 est
1558 4624 1572 4662 :
1602 4626 1707 4662 non
1734 4609 1871 4663 alius
1896 4619 1976 4663 est
2000 4610 2097 4664 im-

2208 4595 2510 4664 Evangeliis
2558 4610 2798 4663 passum,
2852 4592 3104 4663 vigilante
3156 4593 3212 4647 itt
3263 4592 3344 4646 eis
3391 4590 3553 4647 etiam
3595 4591 3666 4646 ad
3694 4590 3799 4647 hoc

515 4704 807 4777 passibilis,
837 4712 891 4758 ct
921 4704 1056 4775 alius
1101 4718 1289 4769 passus
1324 4710 1423 4757 est.
1454 4700 1562 4756 lste
1592 4712 1768 4756 autem
1798 4701 2101 4771 impassibi-

508 4798 599 4864 lis,
628 4796 743 4867 ipse
774 4805 856 4851 est
885 4794 977 4848 Dt-i
1010 4794 1199 4858 Filius,
1228 4793 1370 4847 Dens
1398 4791 1722 4862 unigenitus,
1752 4801 1875 4845 ante
1905 4791 2097 4845 srccula

509 4904 576 4944 ex
613 4888 722 4943 Deo
752 4887 908 4941 Patre
936 4884 1253 4941 naturaliter
1284 4891 1476 4948 natus;
1520 4889 1574 4935 et
1616 4880 1685 4935 de
1729 4889 1918 4945 matre,
1952 4890 2101 4950 post-

509 4993 673 5049 quam
698 4977 844 5032 venit
872 4973 1152 5046 plenitudo
1179 4982 1499 5043 temporum,
1517 4970 2099 5040 misericorditer,quia

512 5079 696 5146 voluit,
730 5078 943 5150 genitus
993 5093 1005 5128 :
1056 5075 1173 5130 sine
1219 5088 1326 5145 quo
1367 5071 1604 5131 Trinitas
1652 5087 1921 5140 nunquam
1972 5070 2101 5138 fuit;

510 5172 788 5240 quoniam,
820 5168 957 5223 sicut
995 5166 1107 5237 jam
1157 5164 1406 5234 superius
1450 5164 1836 5232 enarravimus,
1869 5162 2104 5218 Trinitas

512 5269 617 5327 est,
642 5260 822 5325 Pater,
846 5268 901 5314 et
930 5257 1122 5326 Filius,
1148 5266 1202 5313 et
1230 5258 1459 5326 Spiritus
1491 5242 1706 5310 sanctus
1738 5272 1749 5306 :
1782 5268 1836 5309 et
1867 5255 1980 5309 sive
2007 5255 2107 5310 Pa-

517 5360 652 5406 trem
671 5393 685 5414 ,
714 5352 829 5405 sive
862 5350 1053 5404 Filium
1074 5391 1088 5416 ,
1118 5351 1230 5405 sive
1261 5347 1515 5419 Spiritum
1550 5357 1791 5403 sanctum
1821 5332 2107 5402 subtraxe-

514 5440 621 5504 ris,
650 5438 889 5493 Trinitas
916 5453 1038 5495 esse
1081 5455 1185 5493 non
1230 5448 1439 5508 p0test;
1471 5452 1567 5492 nec
1596 5437 1777 5501 Pater,
1807 5452 1905 5491 nec
1933 5435 2103 5491 Filius

514 5528 811 5586 secundum
836 5514 1216 5592 'divinitatem,
1250 5545 1349 5583 nec
1380 5530 1611 5598 Spiritus
1643 5539 1860 5584 sanctus
1888 5539 2101 5585 creatu-

517 5621 593 5674 ris
618 5628 1107 5685 connumerantur;
1144 5634 1244 5674 nec
1276 5620 1453 5685 Pater,
1486 5634 1583 5673 nec
1616 5618 1782 5673 Filius
1807 5620 2099 5675 secundum

519 5710 879 5775 divinitatem,
905 5723 1003 5763 nec
1032 5709 1265 5775 Spiritus
1292 5724 1505 5767 sanctus
1533 5712 1601 5767 de
1628 5714 1827 5767 mundo
1857 5714 1980 5780 hoc,
2010 5722 2101 5766 aut

520 5802 592 5861 de
616 5802 875 5859 creaturis
898 5816 1020 5859 esse
1050 5802 1427 5872 perhibentur;
1460 5805 1554 5861 sed
1582 5808 1696 5863 sola
1726 5808 1955 5862 invicem
1983 5806 2100 5861 Tri-

2205 4689 2429 4745 scientia
2471 4697 2633 4742 rectas
2680 4684 3076 4757 prtedicationis
3111 4700 3127 4737 :
3170 4693 3230 4740 ut
3268 4689 3515 4754 quamvis
3543 4697 3800 4739 asserens

2206 4800 2369 4840 unum
2397 4784 2465 4839 de
2495 4783 2756 4837 Trinitate
2779 4796 3018 4851 passum,
3054 4796 3158 4833 non
3189 4778 3463 4847 adjiciam,
3496 4778 3799 4833 secundum

2205 4892 2457 4943 carnem;
2492 4876 2590 4944 ipsi
2617 4884 2796 4928 tamen
2828 4880 2974 4928 recte
3003 4870 3203 4925 dictum
3226 4910 3243 4935 ,
3268 4870 3421 4940 quasi
3452 4868 3555 4924 hoc
3576 4869 3801 4935 adjece-

2205 4969 2304 5023 rim
2329 4967 2584 5029 sentiant,
2612 4966 2654 5019 si
2683 4972 2858 5018 tamen
2888 4962 3069 5028 procul
3109 4960 3409 5030 expellatur
3435 4958 3802 5014 contentionis

2207 5062 2449 5128 affectus,
2470 5058 2714 5113 universa
2746 5072 2864 5126 qua:
2889 5054 3035 5111 audit
3061 5052 3227 5124 magis
3254 5054 3448 5107 solitus
3473 5052 3801 5122 impugnare

2208 5166 2367 5222 quam
2398 5152 2641 5205 credere.
2674 5147 2815 5203 Nihil
2849 5148 3003 5215 plane
3032 5145 3234 5200 diutius
3272 5144 3516 5213 cogitans
3557 5144 3806 5209 reperire

2209 5244 2380 5310 valui,
2414 5242 2554 5297 unde
2580 5241 2748 5309 possit
2776 5239 2892 5293 haec
2920 5237 3186 5292 sententia
3216 5233 3383 5306 (quod
3413 5248 3443 5286 a
3472 5233 3801 5303 quibusdam

2205 5333 2501 5407 jactitatur)
2534 5329 2880 5403 Eutycltianis
2932 5329 3169 5383 favorem
3242 5326 3502 5395 pratbere.
3558 5323 3805 5378 Primum

2211 5430 2410 5500 quippe
2433 5424 2768 5480 mendacium
2785 5420 3060 5499 delirantis
3080 5415 3390 5489 Eutychetis
3412 5416 3514 5471 hoc
3536 5416 3636 5470 fuit
3652 5432 3669 5469 :
3685 5415 3809 5470 tuti-

2210 5522 2448 5591 genitum
2481 5517 2669 5583 Deum,
2702 5512 2917 5584 quando
2947 5510 3064 5567 ﬁeri
3094 5512 3255 5564 homo
3276 5509 3526 5579 dignatus
3550 5517 3661 5574 est,
3690 5523 3729 5565 n
3748 5524 3799 5561 in

2210 5614 2308 5667 sibi
2327 5608 2681 5680 assumpsisse
2702 5620 2917 5662 carnem
2941 5605 3010 5660 de
3032 5612 3185 5658 utero
3202 5601 3447 5675 virg‘nali
3467 5618 3482 5667 ;
3502 5602 3805 5657 secundum

2209 5720 2336 5759 vero
2368 5720 2383 5757 :
2415 5716 2519 5756 non
2537 5715 2662 5755 esse
2690 5712 2833 5752 nunc
2855 5700 2906 5751 in
2934 5696 3149 5751 Christo
3170 5693 3499 5749 substantias
3527 5694 3686 5759 duas,
3718 5696 3807 5748 dt-

2208 5798 2444 5855 vinitatis
2502 5806 2557 5853 et
2613 5791 2962 5851 humanitatis
3014 5792 3110 5850 sed
3160 5805 3226 5848 ex
3276 5788 3487 5849 duabus
3513 5788 3599 5847 bis
3636 5807 3805 5847 unam
