4012 6194
297 340 394 398 $0!

1494 350 1848 408 EPISTOLE
1888 350 1976 404 ET
2004 351 2356 411 ορυεςιξω
2370 400 2382 412 .

3479 379 3584 434 902

290 456 491 511 factam
549 470 672 513 esse
728 458 1106 518 substantiam.
1140 464 1511 522 Rctractemus
1566 469 1725 539 igitur
1777 468 1896 522 dili-
1924 469 1973 524 Α
2000 469 2221 524 credere
2250 487 2409 539 quam
2434 476 2714 534 sentimus.
2746 482 3131 541 Admoueudus
3163 497 3341 547 tamen
3367 491 3586 553 videtur

293 561 484 612 genter
512 558 763 619 utrasque
808 554 1127 620 sententias,
1156 565 1210 611 et
1239 558 1283 611 si
1332 560 1411 613 vel
1451 561 1539 613 uni
1568 576 1751 614 earum
1795 577 1886 617 co-

289 639 468 706 aptari
516 647 693 707 potest
738 643 834 697 ista
887 647 1154 701 sententia
1180 664 1297 716 qum
1322 664 1485 704 unum
1523 652 1590 707 de
1625 653 1887 708 Trinitate

290 742 512 795 passum
537 729 755 800 fatetur,
789 736 1070 793 Soliicitius
1088 738 1438 807 inquirantus.

372 839 459 895 12.
482 842 644 909 Quid,
690 860 839 914 rugo,
875 848 1085 916 proficit
1141 853 1208 905 ad
1257 854 1559 923 negandum
1608 855 1743 911 Filio
1793 858 1885 914 Dei

292 934 530 987 materni
581 940 825 1015 corporis
869 943 1147 997 veritatem
1171 984 1187 1007 ,
1219 946 1433 1013 quando
1465 962 1601 1001 unus
1625 947 1691 1005 de
1712 949 1889 1004 Trini-

297 1033 413 1079 tate
440 1041 629 1095 passus
667 1031 968 1086 asserilur?
994 1034 1210 1098 Nonne,
1253 1038 1296 1091 si
1332 1053 1471 1091 unus
1515 1040 1582 1094 de
1628 1041 1889 1098 Trinitate

297 1128 407 1185 est,
449 1138 573 1176 vere
601 1123 764 1178 Filius
789 1125 878 1180 Dei
909 1127 1027 1181 cst?
1052 1138 1104 1183 et
1133 1131 1175 1184 si
1212 1146 1401 1197 passus
1426 1141 1536 1197 est,
1571 1149 1696 1189 vere
1727 1135 1888 1191 habet

298 1215 529 1267 materni
583 1215 825 1284 corporis
878 1214 1209 1278 veritatem?
1240 1222 1489 1292 Alioquin
1539 1225 1662 1279 tolle
1693 1242 1887 1295 corpus

290 1316 366 1355 ex
389 1313 558 1357 matre
587 1317 875 1375 sumptum,
901 1317 957 1361 et
978 1312 1247 1377 quomodo
1272 1314 1377 1380 pati
1407 1315 1575 1381 putuit
1598 1332 1725 1383 pura
1753 1318 1887 1372 divi-

294 1392 472 1446 nitas?
494 1392 770 1463 Perpende
790 1397 959 1467 qualis
980 1412 1197 1455 estcaro
1219 1404 1414 1469 Marire,
1440 1405 1555 1459 sine
1577 1406 1738 1462 dubio
1770 1425 1887 1477 pas-

293 1484 468 1537 sibilis
495 1496 547 1539 et
573 1488 815 1541 mortalis
847 1505 863 1543 :
896 1498 951 1543 ut
980 1505 1109 1559 ergo
1132 1502 1277 1547 esset
1304 1509 1431 1548 caro
1462 1496 1618 1551 Verbi
1656 1500 1884 1565 passibi-

292 1573 367 1629 Iis
385 1586 440 1629 et
468 1579 725 1642 mortalis,
754 1596 819 1635 es
848 1582 935 1636 illa
965 1599 1129 1639 carne
1154 1586 1314 1641 habet
1343 1589 1603 1659 originem
1638 1607 1755 1661 qua)
1788 1592 1887 1647 fuit

292 1668 570 1731 passibilis
592 1673 925 1726 etmortalis.
947 1674 1001 1728 In
1023 1677 1169 1740 prole
1186 1677 1346 1746 igitur
1359 1695 1621 1749 cognosce
1638 1684 1887 1737 similitu-

289 1753 476 1809 dinem
495 1757 705 1825 generis
722 1776 813 1829 per
826 1762 1189 1818 testimonium
1220 1768 1482 1833 passionis
1500 1786 1512 1833 ς
1529 1779 1584 1823 et
1595 1786 1654 1824 ex
1667 1775 1881 1841 pugnari

1990 560 2076 613 cui
2109 562 2312 629 prolata
2362 566 2678 637 simpliciter
2708 574 3068 643 suspicionem
3098 594 3437 638 Commoveat
3469 602 3587 642 vcr-

1974 651 2079 714 ba,
2107 669 2213 707 non
2243 658 2402 711 toties
2434 670 2525 713 aut
2574 662 2910 721 divinitatem
2958 670 3178 737 Christi,
3215 684 3305 727 aut
3337 676 3588 735 humani-

1993 750 2155 799 tatem
2204 750 2427 817 negari,
2463 754 2672 820 quoties
2722 773 2827 811 non
2870 757 3029 814 simul
3062 775 3198 817 sono
3229 767 3377 821 vocis
3414 783 3587 825 enun-

1990 835 2189 891 tiautur
2222 856 2234 892 :
2262 840 2410 896 Unus
2434 853 2529 911 est,
2562 848 2635 900 ait
2664 848 2974 921 Apostolus,
3005 854 3143 910 Deus
3179 857 3354 927 Pater,
3390 878 3452 915 ex
3480 881 3578 933 quo

1990 930 2201 992 omnia;
2222 945 2269 983 et
2298 948 2431 987 unus
2465 936 2712 993 Dominus
2739 940 2890 995 Jesus
2919 944 3155 1002 Christus
3184 966 3271 1017 per
3292 970 3440 1020 (ιι-ειη
3470 972 3584 1009 om-

1991 1017 2079 1069 nia
2110 1018 2161 1090 (1
2189 1019 2307 1076 Cor.
2333 1039 2450 1090 vm,
2480 1028 2558 1097 6).
2597 1030 2737 1085 Ecce
2794 1034 3079 1092 Dominum
3112 1017 3384 1097 Christum
3419 1046 3581 1114 dixit,

1994 1109 2264 1165 hominem
2297 1118 2481 1181 tacuit,
2517 1135 2614 1173 nec
2669 1132 2844 1178 tamen
2892 1127 3012 1181 ideo
3063 1144 3286 1195 negasse
3316 1138 3586 1203 putandus

1988 1210 2096 1252 est.
2128 1202 2332 1261 liursus
2362 1206 2433 1260 εἰη
2480 1210 2587 1265 alio
2638 1214 2752 1268 loco
2792 1216 2857 1268 ad
2907 1218 3244 1275 Timutbuum
3299 1228 3581 1285 scribens:

1992 1288 2144 1344 Unus
2182 1304 2254 1347 est
2292 1298 2542 1352 mediator
2575 1300 2666 1355 Dei
2686 1312 2732 1355 et
2757 1305 3020 1359 hominum
3044 1314 3193 1362 homo
3225 1312 3458 1371 Christus
3487 1317 3582 1372 Je-

1992 1397 2079 1434 sus
2106 1382 2162 1450 (1
2197 1384 2327 1439 Tim.
2358 1404 2417 1452 ll,
2442 1389 2520 1454 5).
2556 1393 2717 1458 Ecce,
2757 1397 3029 1453 hominem
3086 1402 3249 1467 dixit,
3286 1405 3449 1461 Deum
3505 1420 3584 1463 ta-

1992 1474 2135 1537 cuit;
2162 1492 2266 1529 nun
2301 1487 2478 1534 tamen
2514 1484 2633 1538 ideo
2655 1487 2864 1557 negavit
2891 1490 3060 1559 (tanta
3086 1494 3283 1564 quippe
3313 1498 3477 1553 \irtus
3500 1512 3582 1556 est

1992 1567 2314 1621 sacramenti
2368 1571 2697 1645 ineffabilis);
2744 1589 2795 1631 et
2850 1582 2929 1635 sic
2982 1581 3033 1636 in
3084 1600 3243 1640 unam
3296 1604 3579 1656 personant

1968 1653 2124 1709 .duas
2170 1671 2390 1715 naturas
2442 1664 2785 1731 singulariter
2845 1681 2901 1724 et
2961 1673 3278 1731 mirabiliter
3327 1681 3580 1737 adunavit

1996 1746 2136 1801 Deus
2160 1750 2323 1807 homo
2344 1754 2764 1813 misericorditer
2795 1761 2984 1828 factus,
3012 1776 3067 1818 ut
3094 1768 3361 1825 Christum
3393 1773 3579 1830 Jesum

292 1844 466 1911 magis
491 1846 852 1919 Eutychianos
871 1867 1031 1920 quam
1062 1854 1249 1920 foveri,
1282 1859 1495 1925 quando
1519 1837 1877 1916 unnstlc'Tri-
1910 1854 1956 1913 Β
1996 1837 2109 1933 sive
2130 1838 2306 1933 pem"
2338 1841 2505 1908 dicas,
2543 1845 2813 1903 hominem
2842 1865 3057 1922 quoque
3085 1856 3243 1912 Sim"!
3270 1861 3533 1933 “uehis”
3560 1881 3578 1932 ἶ

290 1935 469 1989 nitate
492 1948 687 2003 passus
713 1941 993 2008 asseritur,
1024 1945 1156 2000 velis
1189 1946 1329 2000 nolis
1352 1948 1592 2005 adverte.
1628 1952 1756 2006 Siue
1782 1953 1880 2007 du-

291 2021 388 2077 ltio
436 2027 579 2081 enim
636 2031 736 2084 sub
776 2030 861 2086 his
904 2034 1087 2090 verbis
1112 2037 1275 2089 ctiam
1304 2039 1619 2103 praedicator
1650 2043 1804 2095 unius
1834 2044 1885 2097 in

301 2111 521 2191 Christo
547 2120 871 2177 substantiae
913 2126 1239 2181 confutatur.
1268 2127 1327 2183 Ut
1359 2130 1425 2182 sit
1457 2132 1597 2185 enim
1641 2133 1885 2191 Christus

290 2221 437 2264 unus
458 2188 526 2263 de
555 2211 840 2277 Trinitate,
869 2217 934 2268 ait
966 2215 1298 2271 divinitatem
1328 2223 1594 2288 pertinet;
1625 2232 1681 2277 ut
1700 2226 1884 2279 creda-

288 2306 609 2367 turpassus,
652 2303 717 2358 ad
769 2306 1182 2363 humanitatem.
1216 2311 1332 2366 Non
1383 2326 1527 2370 esset
1576 2318 1665 2385 qui
1698 2333 1883 2386 passus

284 2400 397 2453 εει,
419 2404 555 2445 unus
575 2390 642 2446 de
664 2394 948 2463 Trinitatc,
964 2400 1064 2453 nisi
1088 2402 1487 2459 unamhaberct
1507 2422 1626 2462 cum
1648 2411 1801 2467 Patre
1827 2424 1881 2469 et

285 2476 491 2548 Spiritu
514 2492 702 2540 sancto
721 2487 1075 2545 divinitatem.
1103 2491 1219 2547 Non
1247 2506 1391 2551 esset
1411 2513 1600 2567 passus
1624 2504 1713 2571 qui
1747 2522 1881 2562 unus

223 2604 229 2608 η
292 2581 380 2623 est
409 2572 481 2627 de
500 2572 787 2643 Trinitate,
814 2579 914 2634 nisi
939 2584 1453 2642 consubstantialem
1481 2594 1634 2646 matri
1660 2596 1882 2654 haberet

301 2659 716 2721 humanitatem.
749 2669 920 2727 Sileat
971 2688 1101 2744 ergo
1152 2679 1309 2735 unius
1356 2684 1637 2737 naturaein
1667 2686 1880 2743 (Ἀπίαν)

286 2752 631 2821 praedicator.
665 2758 807 2814 Duas
857 2762 1001 2818 enim
1051 2776 1272 2822 naturas
1317 2785 1727 2842 commemorat,
1789 2779 1878 2849 qui

285 2855 454 2897 unum
480 2843 548 2897 de
589 2842 865 2904 Trinitate.
887 2865 1099 2919 passum
1126 2854 1345 2912 fatetur.
1374 2842 1878 2929 Suspiciones'suas

286 2934 518 2989 inaniter
538 2937 972 3013 rodit,quisquis
1002 2945 1298 3005 benedicta
1328 2952 1457 3008 dum
1485 2958 1879 3018 maleconattrr

284 3021 613 3099 intelligere,
658 3033 993 3103 calumniari,
1026 3039 1407 3111 potius,quam
1456 3048 1637 3104 doceri
1674 3054 1873 3111 studet.

286 3114 467 3172 Unum
499 3121 567 3176 de
589 3122 853 3181 Trinitate
881 3143 1095 3195 passum
1119 3132 1449 3191 Nestor-imis
1477 3155 1581 3195 non
1613 3143 1877 3202 immerito

1988 1927 2102 1982 sive
2130 1930 2401 1987 hominem
2416 1937 2724 1994 confitearis
2746 1983 2761 2007 ,
2786 1942 2950 1997 Deum
2983 1962 3193 2018 quoque
3234 1953 3392 2008 simul
3422 1955 3579 2014 intel-

1990 2019 2143 2088 ligas.
2178 2022 2417 2080 Humana
2450 2038 2534 2082 est
2562 2030 2615 2083 in
2643 2031 2737 2086 illo
2764 2033 3017 2099 divinitas
3036 2081 3050 2105 ,
3083 2050 3137 2094 et
3160 2042 3335 2098 divina
3364 2056 3447 2101 est
3474 2047 3575 2102 ltu-

1987 2111 2236 2169 manitas.
2270 2114 2556 2185 Propterea
2591 2121 2683 2176 ille
2710 2126 2876 2193 magis
2906 2127 3181 2197 cujusdam
3214 2137 3572 2201 separa-iouis

1966 2212 2078 2257 aut
2102 2203 2382 2263 divisionis
2407 2212 2637 2266 seminat
2663 2216 3053 2284 suspicionem,
3080 2216 3173 2289 qui
3202 2223 3334 2279 duas
3357 2238 3575 2285 naturas

1962 2296 2145 2351 aliter
2165 2313 2270 2353 non
2300 2300 2590 2372 intelligit,
2624 2306 2725 2361 nisi
2773 2296 2958 2365 ambas
3005 2312 3238 2369 audierit
3286 2320 3573 2376 nominari.

1966 2386 2123 2441 Ecce
2147 2390 2447 2446 audivimus
2478 2396 2528 2447 in
2550 2396 2844 2468 ‘Evangelio
2867 2416 3048 2457 vocem
3082 2405 3279 2463 Christi
3303 2408 3532 2468 dicentis
3557 2432 3572 2470 :

1986 2474 2145 2531 Pater
2161 2482 2330 2550 ntajor
2357 2498 2435 2537 me
2456 2494 2533 2538 est
2562 2485 2740 2556 (Joan.
2766 2505 2858 2543 xtv
2885 2533 2900 2555 ,
2929 2492 3048 2562 28);
3080 2497 3222 2565 quod
3275 2503 3571 2560 secundum

1966 2566 2274 2626 humanam
2320 2574 2529 2630 videtur
2572 2580 2772 2636 dixisse
2819 2595 3061 2641 naturam
3104 2605 3120 2643 :
3168 2596 3406 2663 nunquid
3448 2598 3571 2655 ideo

1984 2663 2289 2727 putabimus
2312 2681 2440 2720 cum
2466 2684 2573 2723 non
2604 2674 2798 2728 habere
2824 2676 2875 2730 in
2900 2692 2958 2732 sc
2984 2680 3341 2750 divinitatem,
3375 2703 3567 2747 secun-

1960 2751 2294 2822 tdumiqnam
2322 2758 2534 2816 dixitin
2564 2763 2670 2819 alio
2698 2766 2815 2821 loco
2849 2787 2860 2821 :
2898 2770 3008 2840 Ego
3043 2781 3092 2826 rt
3126 2774 3283 2831 Pater
3305 2796 3463 2835 unum
3482 2800 3571 2838 au-

1983 2843 2307 2915 mua‘(.loan.
2345 2865 2399 2913 π,
2431 2853 2550 2921 30)?
2600 2854 2786 2912 Nonne
2811 2863 3026 2928 quando
3054 2864 3189 2921 dixit
3222 2884 3234 2921 :
3267 2868 3428 2927 Pater
3459 2892 3571 2929 ma-

1964 2933 2065 3002 .jor
2079 2952 2158 2990 me
2176 2946 2272 3003 est,
2298 2942 2483 3012 tacuit,
2504 2943 2612 3017 Ego
2633 2955 2683 3000 et
2706 2945 2864 3003 Pater
2880 2967 3039 3007 unum
3054 2966 3230 3011 sumus
3249 2961 3336 3015 ?et
3357 2967 3574 3033 quando

1981 3024 2116 3079 dixit
2144 3045 2156 3079 :
2193 3028 2304 3101 Ego
2332 3039 2397 3083 rt-
2416 3033 2575 3088 Pater
2598 3052 2757 3092 unum
2786 3057 2987 3108 sumus,
3017 3048 3201 3114 tacuit,
3219 3024 3569 3124 Pater-maior

1980 3128 2062 3166 me
2087 3117 2199 3169 cat?
2228 3116 2368 3173 Nihil
2412 3130 2596 3177 tamen
2643 3125 2832 3182 horum
2886 3134 3117 3200 negavit.
3146 3136 3394 3195 Dicamus
3425 3116 3557 3215 ergo

280 3207 923 3276 displicetJntt-oducere
947 3222 1093 3276 enim
1107 3236 1349 3293 quartam
1370 3244 1652 3297 personam
1674 3238 1887 3308 volunt,
1905 3237 1955 3301 C
1983 3203 2055 3308 ei!
2076 3207 2134 3262 Si
2157 3208 2386 3308 videwr’
2404 3212 2638 3308 fiimmi'
2668 3216 2824 3273 puer
2849 3225 3015 3295 major
3036 3241 3116 3279 me
3136 3236 3245 3294 ⁸³ίῖ
3274 3232 3435 3303 adde"
3461 3236 3565 3292 Do'

279 3300 372 3354 cui
405 3302 664 3359 accidisse
684 3310 952 3365 assumant
995 3314 1285 3380 passiones.
1312 3317 1665 3391 Eutyrhianis
1693 3300 1873 3386 autem

282 3406 451 3447 unum
482 3395 550 3450 de
572 3397 837 3456 Trinitate
862 3418 1093 3471 passum
1111 3422 1214 3461 non
1235 3420 1387 3465 recte
1404 3414 1596 3482 placet,
1622 3420 1665 3470 si
1692 3429 1871 3478 tamen

281 3482 482 3550 placet.
514 3487 615 3555 Ipsi
640 3492 791 3547 enim
836 3494 970 3551 duas
1002 3496 1220 3554 Christi
1266 3518 1580 3573 permanere
1629 3522 1869 3584 naturas,

280 3574 569 3633 evidenter
594 3596 793 3651 negare
820 3588 1170 3655 contendunt,
1190 3593 1388 3660 quibus
1418 3610 1512 3664 per
1535 3599 1637 3654 hoc
1667 3574 1872 3673 capitu:

282 3662 397 3719 lum
429 3670 713 3728 manifeste
736 3677 1122 3733 contradicitur
1149 3697 1164 3734 :
1203 3662 1467 3739 insinuata
1493 3703 1592 3740 una
1624 3662 1870 3748 substan-

269 3754 351 3807 aia
382 3771 478 3824 per
496 3758 599 3815 hoc
623 3764 763 3832 quod
788 3782 935 3823 unus
961 3769 1030 3831 de
1058 3770 1349 3840 Triuitate;
1376 3776 1645 3834 insinuata
1662 3788 1871 3853 quoque

276 3846 383 3900 alia
416 3864 513 3917 per
534 3850 635 3908 hoc
646 3857 791 3923 quod
817 3872 1005 3927 passus
1019 3861 1262 3919 infertur.
1279 3863 1463 3925 Passio
1480 3871 1621 3928 enim
1635 3846 1867 3931 comme-

274 3951 489 3995 ntorata
516 3944 874 4003 testimonium
896 3958 1200 4008 estttatnra:
1219 3958 1483 4022 passibilis
1507 3978 1520 4012 :
1541 3974 1725 4016 natura
1750 3980 1870 4034 pas-

276 4031 451 4086 sibilis
479 4033 748 4099 intel'ecta
762 4083 776 4105 ,
804 4042 1034 4099 maxime
1048 4046 1108 4099 in
1134 4046 1226 4101 illo
1243 4050 1330 4118 qui
1357 4064 1491 4105 unus
1506 4052 1572 4107 de
1587 4031 1784 4111 Trinita
1794 4067 1867 4127 te,

270 4119 509 4177 duarum
530 4125 948 4186 substantiarum
984 4133 1335 4190 clarissimam
1368 4139 1543 4195 reddit
1564 4119 1865 4202 distinctio;

274 4228 425 4269 nem.
450 4215 559 4270 Sed
592 4220 813 4276 forsitan
849 4232 943 4279 aut
988 4225 1211 4282 nimium
1250 4230 1597 4298 susniciosus,
1631 4246 1727 4290 aut
1752 4255 1867 4294 om-

276 4304 412 4358 nino
460 4306 643 4362 tardus
686 4312 1121 4384 auditor-aperta
1167 4317 1436 4376 locutione
1461 4322 1731 4382 desiderat
1788 4329 1866 4384 iu-

272 4396 415 4451 strui
444 4413 461 4452 :
492 4398 741 4460 videlicet
785 4414 843 4458 ut
890 4408 1100 4474 quoties
1149 4410 1388 4466 confiteri
1417 4413 1746 4473 delectantur
1774 4428 1867 4476 aut

268 4486 449 4543 Deum
477 4506 715 4559 passum.
740 4506 836 4549 aut
865 4513 1027 4551 unum
1064 4499 1138 4553 de
1177 4502 1438 4557 Trinitate
1480 4518 1715 4574 passum,
1740 4512 1861 4579 quia

1982 3297 2149 3364 mine,
2174 3297 2287 3369 Ego
2317 3311 2366 3355 et
2394 3302 2550 3357 Pater
2589 3323 2748 3362 unum
2788 3325 2966 3365 sumus
2989 3329 3009 3379 ;
3032 3329 3098 3370 ne
3131 3318 3311 3374 Ariani
3343 3297 3451 3379 non
3480 3342 3564 3383 ar-

1980 3388 2246 3447 bitrentur
2271 3396 2553 3464 aequalem.
2583 3399 2747 3456 Multa
2768 3417 3063 3461 occurrunt
3086 3410 3227 3465 simil
3250 3429 3281 3467 a
3323 3417 3411 3484 pio
3454 3427 3564 3475 stu-

1958 3482 2067 3536 »dio
2090 3484 2506 3553 requirentibus.
2541 3491 2679 3547 Ecce
2728 3495 2918 3552 iterum
2957 3499 3089 3557 dicit
3129 3504 3243 3572 ipse
3282 3482 3564 3580 Salvator;

1960 3571 2092 3642 .Ego
2116 3590 2179 3627 ea;
2198 3591 2286 3629 ore
2310 3578 2562 3634 Altissinti
2583 3584 2786 3651 proclivi
2817 3586 3008 3657 (Eccli.
3036 3571 3181 3660 xatv,
3204 3592 3280 3665 5),
3308 3601 3449 3666 quod
3479 3571 3563 3659 se:

1966 3664 2209 3719 cundum
2254 3668 2594 3725 divinitatem
2647 3674 2855 3732 locutus
2882 3690 2986 3733 est.
3012 3664 3263 3741 Dicamus
3290 3664 3361 3754 ei,
3394 3692 3561 3762 adde,

1978 3754 2241 3812 Domine:
2270 3759 2349 3813 Es
2372 3772 2527 3816 Ult'l'O
2555 3763 2820 3835 virginali,
2850 3772 2989 3838 quod
3023 3778 3246 3842 pertinet
3279 3782 3344 3836 ad
3369 3754 3560 3840 Imma:

1964 3845 2224 3912 nitatem;
2253 3865 2320 3903 ne
2367 3860 2556 3919 putent
2600 3853 2883 3912 Manichzei
2926 3863 3006 3916 vel
3059 3865 3399 3941 Eutychiaui,
3432 3876 3558 3942 quia

1962 3952 2152 3995 nones
2177 3951 2333 3997 natus
2355 3960 2417 3998 ex
2440 3960 2622 4002 carne.
2651 3948 2831 4005 Liceat
2854 3953 3004 4008 nobis
3026 3956 3165 4013 inter
3185 3961 3413 4017 scientes
3428 3981 3558 4037 quo-

1962 4031 2132 4085 modo
2161 4033 2447 4089 credamus
2472 4038 2787 4106 simpliciter
2810 4043 2978 4112 loqui.
3008 4044 3063 4099 In
3088 4051 3301 4104 nomine
3342 4053 3553 4113 Domini

1970 4119 2098 4174 Iesu
2120 4126 2346 4192 apostoli
2376 4126 2754 4195 baptizabant:
2789 4134 3024 4202 nunquid
3074 4140 3195 4203 quia
3239 4140 3453 4200 Patrem
3501 4159 3557 4204 et

1964 4210 2226 4281 Spiritum
2256 4227 2501 4272 sanctum
2524 4221 2791 4290 tacebant,
2818 4225 2939 4279 ideo
2972 4230 3270 4296 negabant?
3293 4244 3386 4290 aut
3433 4238 3555 4296 ideo

1983 4305 2279 4375 baptismus
2302 4310 2393 4363 ille
2420 4326 2525 4365 non
2540 4312 2778 4369 :dahatur
2799 4316 2852 4369 in
2877 4320 3093 4376 nomine
3117 4321 3310 4393 Patris,
3338 4339 3390 4383 et
3415 4329 3556 4396 Filii,

1967 4406 2020 4452 ot
2048 4399 2281 4468 Spiritus
2308 4403 2501 4469 sancti,
2520 4404 2640 4474 quia
2669 4405 2721 4460 in
2754 4408 3204 4469 nontine‘Domini
3224 4417 3352 4473 Jesu
3378 4421 3555 4494 bapti-

1969 4502 2119 4543 zasse
2175 4492 2400 4560 apostoli
2456 4494 2844 4563 perhibentur?
2875 4498 3066 4557 Nonne
3122 4518 3343 4576 propter
3397 4492 3555 4570 unius

266 4594 323 4636 ct
354 4584 517 4638 Pater
545 4585 705 4655 Deus,
732 4599 787 4643 et
808 4590 1044 4659 Spiritus
1074 4606 1292 4648 sanctus
1318 4594 1475 4661 Deus,
1496 4607 1550 4651 et
1569 4599 1723 4653 sintut
1755 4610 1861 4657 tota

1976 4579 2283 4635 substantia:
2327 4585 2760 4641 communionem
2784 4628 2798 4653 ,
2829 4598 2883 4643 et
2911 4603 3130 4661 propter
3161 4612 3322 4653 unum
3354 4617 3551 4661 nomen

266 4675 511 4732 Trinitas
538 4678 717 4745 Deus;
745 4692 798 4736 et
829 4683 1231 4741 Pateraunus-de
1252 4687 1532 4753 Trinitate,
1556 4692 1863 4761 et'Spiritus

265 4776 494 4821 unctus
510 4782 648 4823 unus
660 4771 731 4825 de
746 4770 1027 4829 Trinitate.
1055 4773 1161 4830 Sed
1184 4776 1423 4833 dicentes
1439 4779 1601 4834 Deum
1626 4796 1861 4851 passum,

264 4857 863 4930 rontinnoiuferamus,
892 4866 1188 4921 secundum
1209 4882 1447 4937 carnem,
1488 4886 1556 4926 ne
1603 4878 1696 4928 aut
1751 4884 1857 4931 tota

266 4948 513 5005 Trinitas
567 4954 873 5016 passionem
920 4959 1244 5027 suscepisse,
1280 4970 1373 5015 aut
1428 4962 1544 5031 ipse
1593 4964 1758 5021 Filius
1804 4966 1855 5023 in

265 5040 571 5096 attbwmtia
597 5042 895 5101 divinitatis
918 5064 1039 5118 qua:
1063 5060 1150 5105 est
1179 5052 1253 5107 illi
1281 5066 1402 5107 cum
1427 5053 1587 5111 Patre
1610 5072 1855 5115 commu-

266 5130 379 5199 nia,
407 5145 599 5201 passus
626 5146 861 5203 putetur.
883 5139 948 5194 Et
973 5140 1031 5196 in
1061 5142 1160 5196 hac
1186 5145 1405 5213 quidem
1435 5158 1585 5216 parte
1614 5165 1734 5206 mos
1758 5169 1854 5222 ge-

265 5225 475 5280 rendus
502 5237 587 5282 est
616 5229 924 5299 talibus;et
972 5235 1017 5289 si
1068 5236 1149 5291 sic
1190 5238 1379 5294 audire
1427 5240 1755 5310 desiderant,
1780 5249 1858 5302 sic

266 5318 437 5371 etiam
472 5334 571 5375 nos
601 5320 745 5390 loqui
774 5328 1064 5384 convenit:
1092 5328 1241 5383 Unus
1269 5331 1337 5386 de
1368 5332 1661 5400 Trinitate,
1697 5336 1746 5390 id
1777 5349 1860 5393 est

266 5407 463 5477 Filius,
488 5426 601 5467 una
632 5427 858 5484 persona
879 5416 950 5471 de
979 5418 1147 5476 tribus
1170 5422 1431 5488 personis,
1460 5438 1647 5493 passus
1672 5438 1752 5483 cst
1775 5444 1859 5485 se-

262 5499 507 5555 cundum
526 5516 767 5570 carnem,
790 5522 951 5576 quam
973 5512 1207 5578 suscepit
1236 5527 1302 5567 ex
1332 5514 1504 5582 nobis,
1532 5525 1588 5570 ut
1608 5517 1855 5588 dignare-

262 5599 356 5643 tur
389 5591 692 5658 passionem
725 5596 957 5653 tolerare
985 5613 1084 5669 pro
1112 5600 1285 5656 nobis.

340 5699 433 5757 15.
472 5702 742 5759 Addamus
777 5692 935 5762 verba
967 5710 1244 5766 manifrsta
1279 5728 1345 5769 ne
1374 5730 1710 5772 occasmuem
1762 5719 1858 5773 de-

259 5806 392 5849 mus
438 5792 550 5853 inte
582 5799 862 5862 prctationi
925 5801 1242 5867 malitiosa.
1300 5814 1658 5871 putemurque
1715 5808 1856 5865 aliud

1968 4671 2265 4727 individua:
2288 4672 2565 4730 Trinitatis
2593 4680 2751 4733 etiam
2798 4683 2918 4739 solo
2967 4684 3195 4742 Domino
3219 4688 3346 4746 Jesu
3374 4697 3552 4751 nomi-

1970 4774 2127 4830 nato,
2148 4765 2306 4822 Pater
2330 4784 2541 4842 quoque
2581 4780 2633 4826 et
2681 4772 2913 4843 Spiritus
2950 4790 3164 4835 sanctus
3189 4783 3242 4837 in
3268 4783 3465 4845 virtute
3488 4788 3551 4843 il-

1966 4858 2069 4913 lius
2097 4861 2328 4915 nominis
2357 4864 2499 4931 quod
2527 4880 2690 4920 unum
2721 4877 2804 4923 est
2833 4884 2897 4924 ex
2924 4873 3112 4944 tribus,
3140 4876 3397 4933 nominati
3426 4894 3550 4937 esse

1964 4954 2397 5020 cognoscuntur?
2418 4952 2493 5008 Ita
2526 4956 2686 5011 etiam
2712 4959 2757 5014 si
2784 4961 2955 5017 solum
2986 4963 3314 5020 divinitatem
3346 4966 3547 5028 Christi

1965 5045 2257 5110 nominem,
2282 5044 2392 5115 jam
2427 5049 2585 5103 simul
2634 5051 3018 5108 humanitatem
3066 5055 3355 5125 nominavi,
3384 5075 3545 5130 quam

1961 5136 2061 5190 sibi
2102 5137 2352 5192 adunavit
2397 5154 2461 5194 ex
2490 5140 2763 5208 ,Virginc;
2793 5144 2909 5197 etsi
2940 5144 3106 5198 solam
3154 5144 3542 5208 humanitatem

1964 5230 2254 5296 nominem,
2288 5232 2445 5287 simul
2477 5233 2802 5288 divinitatem
2846 5235 3136 5301 nominavi,
3178 5237 3267 5293 cui
3294 5249 3378 5295 est
3410 5242 3545 5299 adu-

1965 5331 2107 5377 nata.
2126 5324 2358 5379 Possunt
2379 5325 2462 5380 hae
2510 5326 2630 5380 dure
2657 5326 2973 5381 substantia:
3002 5328 3055 5380 in
3080 5328 3298 5385 Christo
3319 5333 3436 5389 sine
3463 5336 3542 5391 in-

1965 5415 2134 5471 vicem
2164 5415 2432 5487 loquendo
2481 5416 2732 5486 proferri,
2766 5431 2872 5473 non
2905 5430 3129 5489 possunt
3154 5422 3273 5479 sine
3311 5423 3542 5485 invicem

1961 5510 2230 5567 credendo
2258 5508 2527 5581 cognosci.

2034 5626 2121 5681 li.
2151 5626 2281 5681 Nam
2315 5640 2442 5680 ecce
2466 5623 2603 5695 apud
2630 5622 2861 5679 Miletum
2890 5622 3333 5693 majoribusnatn
3355 5625 3541 5684 Eccle-

1961 5718 2057 5773 sia:
2095 5707 2329 5772 salubria
2379 5714 2580 5773 monita
2628 5714 2816 5771 beatus
2859 5713 2986 5769 dum
3029 5715 3264 5771 traderet
3297 5714 3539 5773 Paulus:

1963 5811 2217 5867 Attenditc
2270 5812 2458 5877 inquit,
2491 5813 2629 5868 vobis
2658 5821 2706 5867 et
2746 5809 2979 5866 universo
3021 5807 3186 5876 gregi,
3229 5806 3283 5863 in
3320 5822 3426 5875 quo
3452 5818 3533 5861 vos
