3998 6202
425 288 526 345 903

1331 273 1700 331 FllLGENTll
1738 268 2083 328 FERRANDI
2125 268 2398 326 DIACONI
2434 265 2778 328 CAll'l‘llAG.

3581 266 3698 323 eos
3733 250 3736 252 ’

429 400 653 466 spiritus
685 404 887 449 sanctus
913 390 1169 445 constituit
1219 389 1478 459 episcopos
1523 403 1695 457 regere
1721 385 2004 441 Ecclesium
2035 388 2082 445 Α
2111 403 2272 440 nnutn
2303 387 2371 440 de
2425 383 2707 448 Trinitate,
2763 381 2904 452 quod
2935 390 3038 444 est,
3090 394 3249 434 unam
3297 392 3585 448 personam
3627 383 3700 434 de

435 491 558 555 Dei,
591 504 740 556 quam
771 484 1032 551 acquisivit
1076 498 1168 534 suo
1199 481 1446 550 sanguine
1466 480 1604 549 (Act.
1637 495 1726 541 xx,
1758 477 1878 546 28).
1913 477 2006 530 Dic

431 581 610 643 modo.
635 576 872 649 gentium
919 575 1133 640 Ductor,
1162 582 1215 626 et
1265 569 1530 640 responde
1575 569 1731 623 nobis
1785 567 2004 636 aliquid,

435 671 575 744 quod
603 671 759 723 etiam
793 685 891 724 nos
924 666 1143 721 multum
1167 663 1482 734 suspiciosis
1510 671 1758 732 oporteat
1782 675 2007 728 respon-

431 765 577 817 dere.
609 759 794 814 Dixisti
855 759 1022 812 Deum
1079 757 1152 811 Ec
1186 757 1371 811 Iesiam
1416 752 1712 822 acquisisse
1753 751 2011 820 sanguine

433 871 561 920 suo;
596 869 761 923 quare
811 867 915 907 non
961 849 1208 905 addidisﬁ
1244 847 1474 903 Filium?
1497 845 1623 916 quid
1660 849 1702 899 si
1736 845 1874 898 alius
1906 841 2010 896 Pa-

436 959 570 1002 trem
597 946 788 1015 putet?
814 943 938 1012 quid
962 944 1006 997 si
1037 942 1173 995 alius
1205 941 1462 1009 Spiritum
1493 938 1772 992 sanctum?
1804 935 1924 1004 quia
1959 942 2015 988 et

441 1038 596 1091 Pater
626 1037 742 1090 sine
767 1035 929 1089 dubio
957 1035 1092 1088 Deus
1112 1075 1124 1095 ,
1150 1042 1202 1086 ct
1243 1030 1468 1098 Spiritus
1499 1037 1718 1083 sanctus
1749 1028 1887 1080 Dens
1909 1035 2010 1080 est.

445 1135 548 1183 Aut
577 1131 617 1182 si
649 1129 815 1182 Deum
848 1125 1166 1194 simpliciter
1197 1121 1510 1187 nominasti,
1542 1121 1621 1174 vel
1647 1119 1860 1189 quando
1890 1132 2011 1171 eum

437 1220 614 1273 dixisti
667 1216 962 1285 acquisisse
1013 1213 1303 1267 Ecelesiam
1354 1211 1611 1279 sanguine
1662 1222 1780 1271 suo,
1809 1209 2017 1260 diceres

439 1309 707 1380 quomodo
733 1306 926 1362 habeat
951 1305 1263 1374 sanguinem
1291 1303 1452 1366 Dens,
1479 1310 1527 1355 et
1556 1299 1802 1362 adderes,
1829 1311 2018 1352 ιθϐιιιὶ-

439 1402 565 1455 dum
597 1414 849 1454 carnem:
893 1413 960 1452 ne
986 1398 1104 1465 quis
1134 1404 1281 1464 putet
1312 1394 1434 1464 quia
1456 1394 1616 1448 etiam
1649 1390 1903 1444 divinitas
1927 1389 2022 1442 ba-

447 1493 575 1546 here
610 1501 701 1545 aut
727 1491 1003 1545 elfundere
1032 1488 1338 1557 sanguinem
1369 1501 1434 1555 po
1461 1495 1565 1540 esu
1592 1482 1717 1538 Seio
1750 1482 1875 1552 quid
1901 1481 2023 1534 huic

441 1585 834 1652 percontationi
862 1584 963 1638 Vas
992 1581 1273 1637 electionis
1322 1581 1440 1634 sine
1489 1593 1636 1633 mora
1679 1575 2018 1646 respondeat.

446 1677 620 1739 Nosti,
649 1694 683 1732 ο
739 1677 833 1741 ﬁli,
884 1675 1314 1745 praedicationem
1355 1687 1562 1734 meam;
1611 1685 1776 1738 quare
1809 1668 2022 1722 dubiam

2113 477 2283 531 tribus
2304 475 2543 543 personis
2574 491 2585 525 :
2612 471 2860 541 quoniam
2903 471 2948 524 si
2996 471 3030 524 d
3052 485 3176 536 cas,
3211 470 3324 525 Una
3355 479 3437 523 est
3465 485 3697 534 persona

2113 568 2330 630 Clristi,
2377 565 2513 620 nihil
2544 565 2684 618 aliud
2714 562 2870 626 dicis,
2894 575 3050 631 quam
3080 601 3096 625 ,
3136 561 3284 615 L'nus
3313 570 3397 615 est
3425 559 3698 614 Christus.

2117 657 2246 710 Etsi
2277 655 2507 720 dixeris,
2545 654 2690 709 Unus
2717 663 2798 708 est
2854 653 3011 706 l’ater
3057 659 3147 705 aut
3170 651 3402 718 Spiritus
3455 663 3699 711 sanctus.

2115 751 2249 805 nihil
2273 749 2418 804 aliud
2445 749 2580 804 dicis
2600 762 2781 817 quam,
2817 745 2931 800 Una
2964 754 3045 800 est
3090 760 3316 814 persona
3376 744 3553 799 Patris
3614 753 3705 797 aut

2116 841 2344 909 Spiritus
2365 839 2557 892 sancti.
2579 837 2752 891 Potest
2772 835 2987 906 quidem
3007 849 3141 888 unus
3158 835 3319 888 etiam
3343 835 3705 888 substantiam

2116 932 2443 1002 signiﬁcare,
2469 932 2560 984 sed
2594 931 2638 983 si
2668 929 2836 982 addes
2862 929 3177 982 sub~tantite
3212 928 3490 997 proprium
3524 929 3704 980 mani-

2118 1020 2313 1077 festum
2337 1037 2420 1089 ;ue
2448 1020 2789 1084 vocabulum,
2828 1020 2968 1074 sicut
3010 1019 3224 1088 quando
3270 1019 3427 1084 dicis,
3461 1019 3705 1073 Trinitas

2121 1129 2278 1180 unus,
2303 1124 2356 1168 et
2377 1116 2632 1169 cuntinuo
2660 1113 2952 1179 subinfers,
2974 1115 3134 1169 Deus.
3172 1114 3422 1183 Alioquin
3449 1114 3578 1167 tolle
3613 1129 3706 1166 no-

2121 1223 2242 1261 men
2271 1207 2411 1276 quod
2470 1207 2738 1280 adjungis,
2778 1207 2867 1261 ubi
2915 1207 3211 1261 substantia
3243 1206 3580 1275 signiﬁcatur
3607 1250 3620 1268 ,
3653 1217 3705 1260 et

2119 1300 2225 1365 dic,
2260 1299 2302 1353 si
2330 1299 2496 1353 audes
2530 1317 2543 1351 :
2578 1299 2758 1361 Pater,
2814 1307 2866 1351 et
2899 1297 3064 1351 Filius
3092 1337 3108 1363 ,
3141 1307 3194 1351 et
3223 1297 3458 1362 Spiritus
3488 1309 3706 1352 sanctus

2121 1405 2261 1444 unus
2285 1399 2431 1445 sunt.
2464 1389 2594 1457 Quis
2631 1390 2776 1444 enim
2809 1406 2914 1443 non
2951 1389 3230 1453 continun,
3265 1387 3414 1442 Unus
3445 1399 3591 1452 sunt,
3627 1403 3706 1444 se-

2121 1483 2352 1538 cundum
2407 1497 2692 1552 personam
2727 1482 2928 1536 dictum
2979 1491 3374 1546 consequenter
3420 1482 3703 1552 iltleliigal,

2124 1582 2179 1628 et
2209 1573 2424 1627 Sabellii
2469 1572 2757 1642 redarguat
2789 1570 3120 1625 vanitatem?
3174 1569 3333 1624 Vides
3382 1585 3513 1638 ergo
3585 1573 3705 1639 quia

2127 1668 2341 1738 proprie
2371 1683 2507 1723 unus
2537 1667 2602 1722 ad
2661 1682 2942 1736 personam
2986 1666 3216 1732 pertinet
3273 1665 3706 1733 signiﬁcandam,

447 1770 640 1837 putasti
669 1767 986 1822 St-ntentiam
1019 1765 1232 1818 meam?
1254 1763 1369 1818 Jam
1395 1777 1497 1830 ego
1519 1761 1626 1814 dixi
1653 1777 1667 1812 :
1696 1758 1851 1810 Pater
1882 1755 2022 1810 Filio
2055 1769 2101 1828 Β
2128 1763 2369 1831 quamvis
2398 1761 2650 1830 adjuncto
2670 1759 2771 1813 sibi
2795 1757 3079 1826 cujuslibet
3107 1757 3422 1812 substantia:
3445 1759 3709 1812 vocabulo

446 1861 657 1928 propria
680 1876 779 1912 non
814 1859 1052 1927 pepercit,
1081 1858 1170 1910 sed
1220 1872 1311 1925 pro
1359 1855 1502 1908 nobis
1543 1853 1778 1908 omnibus
1809 1851 2022 1905 tradidit

446 1956 588 2008 illum
614 1954 787 2025 (Rom.
817 1968 930 2016 vin,
959 1951 1072 2019 32),
1099 1961 1155 2004 ut
1177 1951 1338 2004 Filius
1366 1957 1569 2003 tantmn
1621 1960 1808 2016 passus
1837 1959 1866 1996 a
1897 1958 2025 2014 gen-

446 2045 586 2100 tibus
615 2043 944 2098 erederetur.
973 2041 1088 2095 Jatn
1112 2055 1212 2108 ego
1253 2039 1362 2092 dixi
1419 2055 1432 2091 :
1486 2037 1586 2104 Qui
1627 2052 1742 2088 cum
1767 2035 1818 2087 in
1859 2034 2026 2102 forma

448 2135 542 2189 Dei
567 2143 714 2198 esset,
739 2150 838 2187 non
867 2133 1099 2203 rapinam
1144 2133 1419 2183 arbitratus
1449 2140 1518 2181 est
1546 2142 1653 2180 esse
1691 2141 1744 2180 se
1780 2126 2026 2190 a'qualem

448 2226 578 2291 Deo,
607 2229 695 2280 sed
745 2226 1068 2293 semetipsum
1124 2221 1418 2284 exinanittit,
1450 2219 1668 2289 formam
1710 2217 1839 2270 serti
1895 2215 2030 2268 acci-

449 2317 612 2389 piens,
645 2317 698 2370 in
722 2315 1112 2368 similitudinem
1135 2312 1399 2365 hominum
1429 2311 1594 2380 fartus
1621 2347 1638 2372 .
1666 2315 1715 2361 et
1747 2307 1920 2360 hab'tu
1949 2305 2031 2358 in-

456 2417 632 2461 ventus
659 2416 714 2460 ut
746 2408 915 2459 homo.
948 2403 1256 2457 Ilumiliavit
1284 2416 1358 2466 se,
1384 2401 1550 2469 factus
1598 2399 1834 2452 obedicns
1875 2412 2032 2464 usque

451 2499 520 2550 ad
563 2507 797 2558 mortem,
829 2504 1044 2548 mortem
1089 2502 1260 2545 autim
1308 2492 1474 2544 crucis
1508 2487 1734 2559 (Philip.
1766 2502 1825 2550 tt,
1864 2485 2030 2555 6-8),

453 2601 510 2645 ut
541 2590 595 2645 in
627 2591 856 2644 humana
885 2586 1184 2642 substantia
1231 2593 1473 2637 mortuus
1516 2581 1619 2635 rite
1671 2578 1985 2633 crederetur
2017 2594 2032 2632 :
2070 2618 2092 2644 δ

455 2697 612 2751 quem
657 2690 834 2734 tamen
880 2688 936 2731 ut
963 2679 1130 2732 Deum
1161 2687 1537 2744 cognosceres,
1563 2670 1884 2737 ﬁducialiter
1909 2668 2037 2722 alibi

461 2773 671 2827 locutus
690 2784 808 2823 sum
839 2785 852 2821 :
879 2768 959 2822 Es:
985 2766 1165 2834 quibus
1196 2765 1430 2818 Christus
1486 2763 1761 2816 secundum
1807 2775 2034 2824 carnem,

460 2863 544 2932 qui
569 2870 643 2914 est
680 2875 832 2928 super
860 2857 1029 2912 omnia
1065 2855 1203 2907 Deus
1245 2851 1531 2906 benedictus
1559 2853 1610 2905 in
1637 2852 1826 2905 sa'cula
1857 2848 2034 2921 (Rom.

462 2970 534 3017 ts,
560 2952 638 3023 5).
665 2953 978 3021 Cognosce,
1007 2956 1189 3003 sancte
1239 2946 1432 3010 Paule,
1465 2945 1759 3000 doctrinam
1802 2940 2042 2996 veritatis

463 3048 851 3116 plenissimam,
877 3059 975 3098 nec
1005 3042 1134 3096 mihi
1161 3041 1424 3096 sententia
1457 3049 1542 3094 tua
1575 3040 1627 3093 in
1652 3039 1786 3093 libro
1809 3039 2040 3091 Actuum

2129 1857 2296 1923 possit
2327 1854 2486 1906 etiam
2511 1851 2862 1907 substantiam
2885 1850 3208 1921 signiﬁcare.
3229 1850 3559 1917 Simpliciter
3582 1867 3710 1923 ergo

2124 1945 2427 2009 audiamus,
2452 1958 2617 1996 unum
2647 1943 2715 1997 de
2753 1942 3015 1996 Trinitate
3061 1955 3292 2008 passum,
3320 1941 3372 1995 id
3416 1951 3520 2006 est,
3549 1959 3709 1998 unam

2129 2054 2413 2106 personam
2439 2054 2504 2093 ex
2535 2036 2702 2091 tribus
2735 2035 3000 2105 personis.
3030 2033 3136 2087 Nec
3167 2035 3296 2088 mihi
3317 2036 3587 2104 quispiam
3620 2052 3713 2092 ve-

2131 2129 2478 2198 litopponere
2506 2147 2520 2180 :
2549 2127 2604 2182 Si
2629 2124 2854 2181 dicimus
2878 2140 3042 2178 unum
3066 2125 3130 2177 de
3154 2123 3441 2190 Trinilnle,
3472 2127 3714 2183 dicamus

2130 2237 2293 2276 unum
2323 2221 2389 2274 de
2414 2219 2764 2287 humanitate,
2793 2219 2928 2273 sicut
2952 2216 3178 2270 dicimus
3205 2217 3393 2279 Deum,
3414 2228 3468 2272 et
3499 2236 3714 2276 rursum

2129 2313 2361 2368 dicimus
2391 2309 2688 2364 hominem.
2721 2307 2884 2361 Deum
2918 2309 3122 2378 quippe
3147 2324 3267 2363 cum
3292 2309 3546 2371 dicimus,
3572 2322 3717 2365 recte

2132 2406 2293 2460 etiam
2339 2404 2608 2458 hominem
2656 2401 2915 2466 dicimus,
2947 2404 3066 2469 quia
3097 2412 3149 2455 et
3179 2402 3318 2456 Deus
3341 2413 3395 2456 et
3429 2402 3593 2458 homo
3617 2420 3717 2458 no-

2134 2497 2278 2552 mina
2301 2494 2728 2550 substantiarum
2752 2505 2896 2548 sunt.
2925 2494 3073 2549 Unus
3105 2505 3310 2560 autem,
3334 2497 3457 2565 quia
3505 2497 3721 2565 preprie

2136 2603 2416 2660 personam
2441 2587 2737 2657 signiﬁcat;
2783 2589 2929 2642 L‘nus
2957 2596 3012 2641 et
3043 2603 3181 2642 unus
3205 2605 3538 2658 iniquaquatn
3568 2591 3720 2658 cogi-

2139 2691 2313 2735 temus
2333 2679 2536 2745 dicere,
2553 2693 2618 2733 ne
2644 2678 2775 2732 duas
2791 2679 3071 2732 videamur
3089 2693 3402 2732 asseverare
3436 2694 3717 2748 personas.

2137 2774 2263 2828 Ideo
2295 2773 2451 2842 plane
2486 2787 2651 2826 unum
2695 2770 2762 2824 de
2807 2770 3066 2825 Trinitate
3121 2770 3460 2835 conﬁtemur,
3513 2781 3568 2824 et
3617 2788 3718 2826 non

2138 2880 2306 2921 unum
2327 2865 2396 2918 de
2421 2863 2750 2917 humanitate
2774 2876 2789 2926 ;
2813 2862 2933 2929 quia
2960 2861 3096 2913 Deus
3111 2863 3252 2915 venit
3274 2862 3339 2914 ad
3372 2873 3582 2916 uterum
3609 2861 3721 2914 Vir-

2139 2957 2295 3025 ginis,
2321 2965 2374 3008 et
2399 2954 2633 3008 adventu
2661 2966 2758 3003 suo
2807 2966 3001 3004 munus
3027 2951 3074 3003 ei
3120 2950 3350 3020 largiens
3380 2951 3722 3005 fecunditatis

2141 3048 2258 3101 sine
2281 3044 2440 3100 sorde
2487 3042 2744 3105 libidinis,
2774 3041 2823 3094 hi
2847 3057 3056 3095 manam
3080 3042 3176 3095 sibi
3203 3051 3448 3096 naturam
3480 3053 3726 3111 potenter

464 3137 828 3205 apostolorum
851 3133 1010 3187 dubia
1038 3145 1269 3199 unquam
1315 3129 1433 3184 fuit.
1460 3128 1702 3183 Intellexi
1736 3129 1924 3192 Deum,
1953 3127 2036 3193 qui

2147 3150 2307 3208 atque
2339 3135 2680 3191 ineffabiliter
2735 3134 3006 3196 adunavit,
3040 3143 3188 3187 tanto
3219 3133 3435 3188 vinculo
3483 3135 3724 3199 unitatis,

464 3226 722 3297 sanguine
737 3222 1130 3294 suoacquisivit
1147 3221 1442 3276 Eccles'am
1467 3235 1619 3274 suam
1639 3218 1779 3288 (Act.
1810 3234 1899 3279 xx,
1923 3216 2041 3281 28),

465 3334 568 3371 llOtI
602 3331 721 3370 esse
753 3316 852 3387 nisi
902 3314 1171 3368 Christum
1215 3313 1397 3367 Jesum
1447 3310 1637 3365 Filium
1665 3311 1779 3372 Dei,
1813 3323 1913 3362 nec
1946 3310 2042 3361 ba-

466 3409 645 3463 buisse
698 3407 1031 3475 sanguinem,
1065 3405 1168 3457 nisi
1217 3402 1510 3456 secundum
1542 3399 1894 3455 substantiam
1927 3413 2048 3452 ear-

467 3503 569 3556 nis.
599 3498 704 3554 Sed
728 3509 944 3568 prepter
968 3498 1099 3550 istos
1131 3495 1231 3550 ista
1260 3493 1402 3558 dixi,
1435 3493 1526 3562 qui
1573 3506 1710 3546 nunc
1764 3490 2045 3544 audientes

467 3608 627 3646 unum
669 3592 735 3644 de
763 3588 1022 3644 Trinitate
1056 3601 1268 3656 passum
1292 3627 1307 3650 ,
1339 3584 1525 3638 dicunt
1569 3600 1584 3637 :
1646 3582 1821 3647 Adde,
1849 3596 2044 3636 secun-

467 3689 591 3742 dmn
622 3698 875 3747 carnem;
903 3681 1052 3751 quasi
1109 3680 1265 3732 aliter
1314 3675 1536 3743 intelligi
1582 3675 1803 3735 debeat,
1834 3671 2046 3726 etiamsi

467 3794 530 3846 eg
555 3801 564 3820 ι
589 3792 694 3830 nou
720 3774 948 3838 addam;
974 3770 1057 3824 vel
1083 3770 1282 3823 addere
1318 3767 1540 3820 multum
1567 3762 1932 3819 necessarium
1955 3765 2044 3825 sit,

468 3867 609 3934 quod
653 3864 865 3918 etiamsi
899 3877 1004 3916 non
1035 3860 1283 3924 addatur,
1316 3866 1558 3928 apparet.
1589 3856 1844 3910 Libenter
1871 3863 2048 3908 tamen

469 3957 611 4026 etigi
657 3973 685 4008 a
729 3970 815 4010 me
868 3953 1047 4023 patior
1075 3953 1213 4022 quod
1240 3951 1380 4004 ultro
1414 3951 1640 4006 reddere
1660 3964 1778 4004 sum
1810 3957 2048 4016 paratus.

475 4047 852 4101 Incunctanter
897 4043 1100 4112 profert
1147 4043 1325 4110 lingua
1354 4041 1496 4109 quod
1539 4040 1731 4092 retinet
1760 4038 2049 4092 conscien-

472 4139 561 4191 tia.
599 4136 744 4191 Unus
794 4133 861 4187 de
909 4131 1176 4186 'l‘rinitate
1229 4130 1392 4183 Filius
1437 4130 1532 4182 Dei
1579 4128 1827 4182 Christus
1870 4128 2049 4194 Jesus,

471 4227 667 4294 quiest
693 4238 795 4276 una
845 4236 1072 4291 persona
1127 4219 1197 4273 de
1250 4218 1419 4270 tribus
1459 4218 1725 4287 personis,
1751 4231 1941 4286 passus
1969 4228 2052 4272 est

473 4317 767 4371 secundum
796 4327 1033 4367 carnem.
1068 4309 1146 4365 Tu
1180 4324 1306 4364 vero
1328 4308 1369 4362 si
1396 4308 1505 4377 jam
1549 4308 1726 4363 credis
1753 4324 1857 4361 non
1899 4307 2051 4362 mali—

474 4405 609 4458 tiose
638 4417 804 4457 unum
852 4399 920 4454 de
964 4399 1223 4453 'l‘rinitate
1268 4413 1480 4468 passum
1511 4397 1638 4465 dici,
1673 4397 1760 4452 dic
1806 4397 2053 4452 similiter

2149 3241 2205 3284 ut
2238 3242 2460 3299 persona
2484 3225 2642 3281 Verbi
2672 3223 2824 3278 ﬁeret
2867 3239 3091 3294 persona
3131 3225 3340 3290 carnis,
3383 3234 3441 3280 et
3477 3224 3726 3293 deinceps

2149 3336 2251 3374 una
2285 3317 2438 3372 Verbi
2465 3330 2688 3386 persona
2716 3325 2860 3370 esset
2901 3323 2956 3369 et
2999 3315 3194 3370 carnis.
3228 3314 3352 3369 Ideo
3405 3317 3585 3369 dicere
3615 3316 3726 3369 nul-

2151 3410 2359 3464 latenus
2385 3421 2674 3478 possumus
2705 3421 2867 3458 nntnn
2882 3404 2949 3459 de
2976 3405 3238 3461 Trinila'e
3265 3414 3319 3459 et
3345 3421 3511 3458 unum
3541 3405 3606 3458 de
3629 3404 3726 3458 hu-

2153 3500 2428 3564 manitate,
2456 3498 2539 3551 vel
2571 3511 2733 3550 unum
2786 3495 3064 3550 Trinitatis
3089 3505 3142 3550 et
3163 3511 3325 3551 unum
3359 3497 3724 3561 immanitatis,

2151 3597 2272 3664 quia
2303 3594 2356 3647 in
2385 3592 2600 3646 Christo
2635 3591 2760 3646 Jesu
2784 3603 3068 3658 personam
3125 3588 3406 3658 propriam
3438 3589 3726 3656 separatim

2152 3702 2258 3740 non
2280 3684 2443 3738 habet
2473 3683 2774 3736 humanitas
2798 3721 2814 3744 ,
2849 3678 2943 3734 sed
2993 3694 3222 3749 persona
3254 3679 3416 3734 Verbi
3450 3681 3542 3734 Dei
3570 3694 3599 3733 a
3628 3693 3726 3747 quo

2151 3787 2397 3845 suscepta
2419 3784 2524 3840 est,
2553 3773 2664 3842 ipsa
2689 3772 2764 3826 illi
2789 3772 2924 3825 facta
2947 3781 3029 3825 est
3057 3771 3294 3840 propria.
3343 3771 3726 3842 Distinguimus

2151 3884 2276 3939 ergo
2291 3876 2506 3922 naturas
2527 3866 2658 3921 duas
2679 3865 2877 3919 Christi
2909 3864 2959 3918 in
2985 3864 3278 3926 vocabulis,
3306 3864 3359 3917 in
3386 3862 3602 3932 ofﬁciis,
3627 3879 3728 3917 non

2152 3963 2206 4016 in
2228 3960 2500 4030 pereo-iis.
2529 3957 2652 4012 Ideo
2681 3971 2902 4011 securus
2927 3956 3060 4010 dicit
3109 3943 3398 4025 Apostolus
3433 3972 3447 4009 :
3481 3955 3598 4010 Nos
3637 3972 3732 4008 nu-

2152 4063 2252 4108 tem
2273 4052 2610 4121 praedicamus
2633 4049 2888 4102 Christum
2929 4047 3256 4116 cruciﬁxum,
3305 4047 3508 4100 Judaris
3537 4047 3733 4116 quidem

2153 4144 2469 4200 scandalum,
2503 4141 2728 4210 gentibus
2773 4149 2944 4192 autem
2973 4137 3246 4191 stultitiam
3276 4153 3294 4201 ;
3343 4137 3469 4205 ipsis
3502 4154 3616 4190 vero
3642 4153 3733 4189 vo-

2153 4233 2280 4284 catis
2300 4231 2497 4282 Juda’is
2531 4237 2576 4279 et
2608 4225 2802 4280 Grecis
2842 4225 3105 4279 Christum
3141 4226 3235 4279 Dei
3275 4234 3510 4278 virtutem
3545 4237 3593 4279 ct
3638 4225 3732 4281 Dei

2151 4320 2454 4388 sapientiam
2480 4315 2529 4381 (1
2571 4314 2688 4369 Cor.
2741 4329 2779 4378 ι,
2809 4312 2880 4366 25
2900 4355 2914 4379 ,
2943 4313 3060 4383 24).
3092 4316 3227 4368 Ecce
3250 4313 3494 4368 Christus
3526 4316 3736 4368 cruciﬁ-

2155 4426 2255 4466 xus
2285 4411 2398 4478 ipse
2427 4419 2507 4464 est
2531 4408 2626 4463 Dei
2655 4409 2826 4462 virtus
2848 4416 2901 4460 et
2931 4407 3022 4460 Dei
3069 4407 3352 4475 sapientia.
3396 4407 3582 4474 Quare
3607 4421 3737 4476 ergo

475 4497 615 4551 bono
661 4507 820 4548 sensu
867 4493 1000 4546 sicut
1028 4507 1146 4561 ego.
1174 4493 1228 4546 Si
1272 4500 1449 4545 autem
1492 4490 1702 4544 dubitas
1737 4490 1933 4556 adhuc,
1964 4490 2036 4545 dit

2156 4515 2262 4556 non
2287 4501 2496 4554 dicatur
2526 4513 2662 4552 unus
2683 4497 2750 4552 de
2801 4497 3064 4552 Trinita'e
3095 4497 3328 4568 passus?
3359 4500 3441 4551 An
3489 4497 3740 4554 Christus

476 4603 633 4640 unam
690 4599 970 4650 personam
1021 4583 1090 4638 de
1155 4583 1321 4637 tribus
1378 4598 1610 4651 passam,
1645 4582 1820 4648 idest,
1856 4581 2049 4636 Filium

475 4676 569 4731 Dei
604 4675 884 4729 Dominum
915 4673 1097 4728 Jesum
1132 4673 1402 4727 Christum
1450 4671 1740 4726 secundum
1786 4686 2002 4726 caxnem
2033 4688 2048 4726 :

477 4782 546 4821 ne
576 4766 617 4819 si
649 4780 806 4818 unam
833 4778 1111 4832 personam
1158 4763 1226 4817 de
1265 4762 1433 4816 tribus
1462 4776 1670 4830 passam
1696 4761 1926 4830 proﬁteri
1955 4776 2052 4816 no-

475 4857 662 4924 lueris,
695 4863 935 4924 quartam
966 4853 1207 4908 conﬁteri
1234 4854 1550 4919 invenieris;
1579 4861 1636 4908 et
1662 4856 1779 4909 sine
1807 4853 1910 4909 ulla
1937 4868 2050 4908 am-

477 4948 731 5018 biguitate
753 4947 980 5001 Nestorii
1007 4946 1262 5015 iudiceris
1284 4962 1468 5001 errore
1499 4962 1796 5014 possessus.

557 5039 642 5094 l5.
669 5040 853 5095 Omnis
881 5054 1008 5110 ergo
1039 5038 1335 5094 catholicus
1357 5049 1446 5092 aut
1491 5055 1650 5093 unum
1678 5038 1745 5093 de
1792 5039 2051 5098 Trinitale

481 5145 694 5199 pa-sum
719 5131 1030 5201 simpliciter
1056 5132 1236 5185 audiat
1264 5172 1276 5194 ,
1302 5131 1614 5200 simpliciter
1644 5130 1817 5197 dicat;
1848 5142 1938 5185 aut
1969 5133 2049 5185 lu-

480 5237 652 5290 quens
677 5232 831 5277 caute
857 5265 871 5287 ,
903 5240 1007 5278 non
1041 5236 1214 5278 tamen
1244 5224 1549 5289 inﬁdeliter,
1583 5240 1739 5278 unam
1773 5239 2050 5292 personam

483 5311 552 5366 de
576 5311 744 5365 tribus
774 5328 979 5381 passam
1011 5315 1238 5370 fateatur
1265 5333 1277 5379 ;
1307 5331 1402 5370 nec
1434 5317 1553 5370 ideo
1586 5317 1885 5386 quempiam
1906 5315 2052 5386 judi-

483 5410 570 5456 cet
599 5399 928 5468 bteteticum,
975 5407 1063 5474 qui
1115 5423 1277 5461 unum
1314 5409 1380 5462 de
1411 5408 1670 5463 Trinitate
1703 5423 1912 5476 passum
1959 5408 2051 5461 illo

488 5504 652 5546 sensu
675 5489 820 5556 dicit,
851 5505 957 5560 quo
983 5497 1140 5548 etiam
1171 5497 1283 5566 ipse
1308 5514 1463 5552 unam
1489 5513 1772 5567 personam
1797 5499 1864 5552 de
1889 5501 2053 5554 tribus

488 5593 701 5649 passam
731 5582 994 5637 veraciter
1016 5583 1168 5650 dicit;
1198 5587 1462 5657 simulque
1484 5590 1756 5645 ambulare
1788 5591 1922 5643 viam
1953 5591 2053 5645 Do-

478 5668 609 5728 mini
659 5684 1027 5742 properemus,
1070 5664 1256 5745 pacem
1308 5685 1576 5738 tenentes.
1608 5680 1719 5739 lloc
1747 5693 1828 5739 est
1854 5681 2050 5753 quippe

2161 4590 2255 4646 Dei
2279 4591 2446 4645 virtus
2491 4600 2547 4644 et
2576 4589 2666 4645 Dei
2699 4588 2963 4658 sapientis
3011 4604 3116 4642 non
3169 4597 3254 4643 est
3300 4605 3439 4642 unus
3467 4591 3537 4644 de
3563 4590 3742 4645 Trini-

2159 4679 2298 4733 tate‘l
2332 4678 2439 4733 Sed
2467 4679 2568 4733 hoc
2587 4678 2674 4748 qui
2705 4686 2881 4745 negat,
2925 4688 3110 4744 aperte
3159 4676 3308 4730 dicat
3345 4677 3509 4731 etiam
3537 4692 3734 4731 secun-

2158 4769 2284 4824 dum
2321 4768 2652 4824 divinitatem
2683 4769 2873 4823 Filium
2899 4782 3006 4822 non
3027 4782 3147 4823 esse
3170 4782 3329 4821 unum
3361 4767 3430 4821 de
3449 4767 3731 4822 'l’rinitate.

2158 4860 2214 4915 Si
2245 4871 2420 4915 autem
2444 4861 2740 4913 secundum
2767 4859 3097 4914 divinitatem
3131 4858 3382 4914 Christus
3401 4874 3543 4914 unus
3563 4871 3645 4914 est
3669 4861 3736 4916 de

2153 4951 2437 5017 Trinitate,
2469 4959 2524 5003 et
2566 4950 2856 5004 secundum
2881 4950 3210 5004 divinitatem
3239 4951 3408 5003 virtus
3441 4951 3532 5005 Dei
3571 4960 3655 5005 est
3681 4964 3735 5005 et

2154 5043 2447 5112 sapientia;
2476 5041 2724 5097 Christus
2750 5052 2925 5096 autem
2946 5042 3236 5096 cruciﬁxus
3259 5043 3426 5096 virtus
3456 5043 3548 5097 Dei
3580 5054 3661 5097 cst
3682 5055 3738 5099 et

2154 5133 2452 5203 sapientia;
2487 5141 2631 5187 recte
2673 5133 2855 5202 utique
2884 5132 3101 5198 dicitur,
3132 5137 3254 5203 quia
3289 5149 3426 5188 unus
3454 5134 3524 5190 de
3557 5135 3730 5189 Triui-

2156 5239 2263 5283 tate
2285 5236 2367 5282 est
2395 5242 2602 5296 passus.

2227 5318 2316 5372 t6.
2362 5317 2468 5371 Nec
2509 5330 2724 5372 movere
2762 5317 3066 5386 quempiam
3113 5315 3300 5384 debet,
3344 5318 3389 5372 si
3421 5333 3548 5373 vere
3578 5317 3718 5373 hanc

2155 5410 2493 5470 sententiam.
2553 5407 2745 5461 sicuta
2793 5407 3111 5476 quibusdam
3137 5409 3364 5474 dicitur,
3423 5410 3735 5480 Eutychetis

2158 5499 2374 5567 protulit
2417 5495 2794 5566 apocrisiarius
2827 5500 2880 5551 in
2896 5497 3317 5554 Chalcedonensi
3350 5501 3599 5556 concilio.
3625 5502 3738 5554 Sa-

2159 5605 2223 5658 pe
2252 5589 2410 5644 etiam
2441 5603 2534 5656 per
2557 5588 2865 5656 ignorantes
2895 5589 3372 5658 loquitur'veritas.
3425 5592 3607 5647 Patres
3635 5607 3734 5647 su-

2159 5693 2268 5740 tent
2294 5683 2459 5741 nostri
2488 5682 2541 5738 in
2563 5682 2791 5740 concilio
2819 5682 3001 5751 positi,
3033 5698 3249 5742 sensum
3281 5686 3572 5751 loquentis.
3629 5703 3736 5744 non
