4012 6194
234 344 329 403 903

1412 337 1772 395 EPISTULA?
1804 338 1891 393 ET
1932 335 2309 395 OPUSCULA.

3400 344 3504 404 996

234 460 382 516 verba
414 455 839 519 considerantes,
884 468 984 512 nec
1011 450 1162 510 illum
1192 462 1410 524 propter
1435 454 1572 509 hanc
1598 466 1815 509 senten—
1846 457 1891 514 Α
1921 454 2076 523 cujus
2118 470 2399 523 personam
2427 454 2789 525 signiﬁcantes
2819 456 3043 513 dicimus
3074 474 3236 515 unum
3275 461 3345 518 de
3387 460 3507 520 Tri-

234 551 350 610 tiam
392 549 740 618 pronuntiare
768 545 1117 611 catholicum,
1167 559 1268 599 nec
1297 546 1463 615 ipsam
1495 544 1815 599 sententiam

234 640 502 697 catholicis
534 650 664 694 tunc
697 639 939 693 inserere
968 635 1370 691 deﬁnitionibus
1401 637 1702 701 voluerunt,
1753 648 1819 689 ne

235 733 532 787 viderentur
559 729 887 786 intellectum
921 728 1189 798 loquentis
1215 736 1241 764 ει
1271 726 1624 796 approbasse,
1658 740 1818 793 qttam

234 825 405 882 verba.
439 823 751 879 Iiirahiliter
785 829 964 877 tamen
994 818 1226 889 Spiritus
1245 805 1461 874 sanctus
1480 828 1666 888 postea
1687 816 1817 874 ﬁde.

234 922 304 977 les
330 918 629 980 admonuit,
658 914 820 972 etiam
849 929 945 986 per
967 913 1107 969 hanc
1134 912 1460 969 sententiam
1487 910 1690 967 revinci
1716 910 1821 965 Eu-

235 1010 606 1086 tycbianistas,
653 1007 708 1063 in
760 1021 866 1078 qua
914 1005 1142 1062 duarum
1188 1005 1345 1074 plena
1389 1012 1471 1058 est
1512 1003 1822 1073 praedicatio

235 1116 570 1169 naturarum,
612 1111 670 1157 ut
690 1115 1022 1171 nequaquam
1045 1099 1227 1155 dicere
1259 1115 1273 1150 :
1307 1097 1364 1155 Si
1388 1111 1524 1151 unus
1550 1106 1630 1151 est
1660 1095 1821 1150 Chri-

234 1209 341 1257 stus
365 1199 437 1255 de
467 1196 756 1261 Trinitate,
799 1205 857 1253 et
879 1195 1116 1252 Trinitas
1157 1194 1318 1249 unius
1358 1202 1445 1249 est
1482 1192 1820 1259 substantiae,

235 1294 472 1350 Cbriuus
494 1299 678 1346 autem
711 1288 855 1344 Deus
882 1298 937 1343 et
968 1286 1135 1342 homo
1152 1294 1236 1341 est
1264 1302 1282 1351 ;
1333 1285 1488 1340 unius
1516 1299 1645 1354 ergo
1692 1284 1823 1339 sub-

236 1383 462 1441 stantiae.
493 1382 740 1438 Christus
777 1381 976 1450 quippe
1005 1387 1060 1435 et
1087 1394 1226 1433 unus
1255 1388 1341 1433 est
1367 1378 1437 1433 de
1459 1378 1736 1445 'i‘rinitate,
1768 1387 1823 1433 et

238 1478 371 1534 Deus
400 1484 457 1533 et
488 1474 650 1530 homo
686 1480 795 1537 est,
830 1481 1026 1528 etnon
1061 1478 1148 1526 est
1167 1469 1326 1525 unius
1350 1469 1705 1533 substantiae;
1755 1483 1825 1524 ne

237 1568 535 1625 humanitas
564 1580 798 1637 quoque,
852 1578 1011 1633 quam
1043 1562 1302 1631 suscepit,
1352 1560 1826 1617 eonsubstantialis

237 1663 298 1713 sit
328 1658 575 1714 Trinitati
610 1674 626 1723 ;
653 1656 795 1723 quod
822 1670 957 1710 sana
982 1653 1227 1709 doctrina
1261 1652 1825 1708 cottdemnat.Recor-

233 1752 351 1818 dor,
417 1750 705 1820 aliquando
743 1748 1008 1818 triplicem
1070 1763 1157 1802 rue
1203 1747 1534 1803 intellexisse
1583 1760 1823 1812 causam,

1923 546 2091 598 nitate
2122 558 2358 614 passum,
2382 548 2503 614 quia
2528 548 2645 616 ipse
2672 556 2875 603 tantum
2905 551 3007 607 rite
3028 552 3266 607 creditur
3290 568 3502 623 passus,

1920 635 2009 704 qui
2038 649 2161 690 cum
2203 648 2345 690 esset
2374 653 2500 691 vere
2528 650 2576 692 et
2610 640 2825 707 proprie
2856 640 3015 708 Deus,
3048 658 3172 699 vere
3199 656 3251 700 et
3293 650 3512 717 proprie

1919 728 2091 782 factus
2137 738 2221 784 est
2256 729 2433 788 homo.
2469 739 2527 785 ut
2574 746 2678 786 non
2726 734 2995 790 immerito
3025 733 3151 793 vere
3197 748 3253 794 et
3298 743 3512 810 proprie

1920 827 2092 873 mater
2115 819 2208 874 Dei
2238 820 2389 875 beata
2418 821 2581 876 Maria
2612 824 2882 880 credatur.
2909 826 2984 882 Es
3009 828 3171 885 Maria
3194 831 3335 888 enim
3367 849 3514 891 sem-

1921 924 2017 978 per
2048 911 2258 981 virgine
2288 928 2386 967 ncc
2429 912 2677 970 divinitas
2727 918 2873 973 nasci
2906 920 3077 989 potuit
3109 924 3225 981 sine
3266 925 3513 985 humani-

1923 1011 2052 1066 tate,
2084 1017 2185 1057 nec
2217 1002 2516 1059 humanitas
2538 1006 2658 1063 sine
2682 1006 2981 1069 divinitate.

1996 1096 2082 1148 i7.
2119 1095 2340 1151 Frustra
2384 1099 2697 1166 expavescit
2723 1101 2964 1173 quisquis
2991 1106 3222 1164 aestimat
3277 1114 3511 1170 consub-

1920 1185 2227 1241 stantialem
2257 1187 2525 1242 divinitati
2549 1199 2775 1247 matrem
2810 1194 3061 1260 futuram,
3095 1200 3140 1253 si
3166 1204 3428 1261 veraciter
3455 1215 3511 1261 et

1926 1278 2141 1347 proprie
2164 1278 2331 1334 Maria
2360 1288 2534 1335 mater
2576 1284 2734 1339 luerit
2779 1284 2906 1351 Dei;
2940 1287 3177 1356 profecto
3208 1295 3349 1350 enim
3384 1298 3512 1368 quia

1926 1370 2190 1423 veraciter
2226 1382 2281 1426 et
2323 1372 2538 1440 proprie
2578 1379 2857 1445 generanti
2907 1394 3122 1449 semper
3159 1392 3244 1439 est
3281 1390 3516 1447 consub-

1924 1459 2191 1514 stantialis
2212 1460 2303 1515 ille
2326 1462 2418 1532 qui
2444 1465 2703 1531 nascitur,
2725 1468 2931 1536 accepit
2958 1470 3023 1523 ab
3038 1484 3105 1525 ea
3126 1471 3266 1528 Deus
3293 1478 3434 1534 unde
3461 1481 3515 1535 ei

1929 1551 2079 1608 ﬁeret
2094 1554 2595 1621 consubstantialis,
2621 1567 2676 1613 et
2697 1559 2776 1613 sic
2797 1575 2865 1615 ex
2888 1574 2953 1616 ea
2975 1566 3121 1618 nasci
3142 1565 3390 1638 dignatus
3409 1582 3512 1627 est.

1930 1646 2002 1699 ita
2028 1645 2185 1715 igitur
2216 1650 2452 1717 proprie,
2482 1652 2624 1705 sicut
2652 1656 2937 1720 veraciter,
2970 1657 3130 1712 Maria
3171 1660 3509 1721 divinitatem

1932 1738 2051 1794 Filii
2079 1740 2287 1805 genuit,
2316 1742 2411 1797 sed
2441 1743 2796 1801 incarnatam.
2827 1748 2954 1804 Sine
3006 1766 3172 1807 carne
3198 1756 3343 1809 enim
3376 1757 3514 1813 divi-

235 1859 349 1913 qum
401 1842 652 1899 dubitare
700 1844 962 1910 quos-iam
1001 1840 1071 1895 de
1120 1840 1221 1894 hac
1266 1841 1535 1894 εεηωηιί.
1586 1849 1821 1908 cogerer,
1861 1824 2155 1912 “nitatem
2204 1833 2588 1901 sempiternam
2636 1854 2898 1909 generare
2954 1859 3062 1899 non
3119 1860 3302 1915 posset
3360 1851 3517 1906 homo

237 1936 411 1991 Prima
439 1935 666 2001 scilicet,
696 1950 781 1998 ne,
804 1931 1032 2002 quadam
1063 1931 1407 2000 separatione
1433 1930 1820 1993 intercedente,

235 2028 331 2082 alia
364 2034 511 2082 esset
540 2024 775 2080 Trinitas
802 2033 855 2078 et
883 2025 1017 2081 alius
1046 2026 1136 2094 qui
1160 2040 1296 2078 unus
1324 2038 1445 2077 esse
1474 2022 1543 2077 de
1564 2022 1829 2077 Trinitate

235 2119 431 2172 dicitur
463 2159 476 2181 ,
554 2116 695 2171 sicut
749 2116 887 2172 alios
936 2125 1025 2171 est
1076 2115 1256 2180 Pater,
1305 2114 1443 2169 alius
1496 2122 1584 2170 est
1637 2114 1826 2178 Filius,

237 2210 447 2279 quando
471 2210 537 2264 de
568 2209 725 2265 Patre
752 2209 921 2265 Filius
942 2221 1061 2266 esse
1091 2208 1289 2265 dicitur
1316 2224 1330 2272 ;
1384 2217 1433 2262 et
1461 2192 1564 2261 alia
1616 2206 1826 2268 civitas,

237 2302 478 2370 aliusque
526 2299 688 2354 homo
714 2298 807 2367 qui
831 2299 898 2355 dc
925 2299 1145 2353 civitate
1173 2312 1299 2354 es-e
1327 2305 1595 2351 narratur.
1645 2295 1751 2351 Sed
1776 2302 1832 2347 et

240 2390 400 2445 l‘ater
428 2389 670 2461 quamvis
691 2387 940 2444 habendo
961 2388 1152 2447 Filium
1177 2386 1335 2446 Pater
1362 2387 1454 2455 sit,
1498 2389 1621 2456 ipso
1651 2394 1828 2441 tamen

238 2483 407 2539 Patris
429 2484 647 2537 nomine
688 2496 794 2535 non
819 2495 877 2534 sc
904 2494 1024 2535 esse
1055 2479 1244 2534 Filium
1275 2487 1538 2533 monstrat
1563 2494 1576 2530 :
1635 2484 1689 2531 et
1712 2475 1832 2532 ideo

238 2577 355 2628 dum
389 2574 454 2629 de
481 2573 638 2629 Patre
681 2587 800 2628 esse
848 2571 1015 2627 Filius
1059 2570 1279 2639 dicitur,
1320 2570 1458 2623 alter
1487 2583 1611 2623 esse
1649 2568 1830 2633 Pater,

239 2665 370 2720 alur
398 2679 522 2725 esse
566 2663 734 2721 Filius
763 2662 1069 2718 intimatur.
1117 2663 1184 2718 Et
1212 2663 1400 2718 civitas
1443 2662 1719 2717 hominum
1750 2671 1833 2716 est

241 2758 548 2820 multitudo,
577 2773 683 2813 non
713 2756 875 2813 homo
898 2774 914 2812 :
936 2765 991 2811 et
1032 2756 1155 2811 ideo
1182 2755 1310 2813 dum
1340 2753 1409 2812 de
1448 2755 1664 2810 civitate
1688 2754 1835 2821 quis-

241 2848 385 2917 piam
415 2849 632 2916 dici'ur,
657 2849 795 2905 alter
824 2850 939 2919 ipse
966 2863 1107 2915 esse,
1140 2848 1306 2905 altera
1329 2847 1517 2903 civitas
1539 2847 1830 2902 invenitur.

242 2942 481 2999 Trinitas
525 2957 590 2996 an
619 2957 703 2997 em
753 2944 930 3009 Pater,
962 2950 1016 2997 et
1044 2940 1234 3007 Filius,
1264 2949 1320 2995 et
1356 2941 1590 3010 Spiritus
1616 2946 1835 2996 sanctus

240 3042 353 3097 est;
379 3034 501 3088 ideo
524 3047 743 3091 securus
768 3032 903 3087 dicis
930 3050 940 3084 :
969 3031 1137 3086 Filius
1167 3045 1304 3087 unus
1329 3042 1411 3086 est
1438 3030 1508 3085 de
1533 3029 1793 3087 Tt-initate
1817 3046 1831 3094 ;

236 3140 333 3180 nec
391 3135 573 3195 potest
598 3140 722 3185 esse
750 3126 888 3181 alius
922 3126 1126 3191 Filius,
1154 3134 1209 3181 et
1254 3127 1357 3179 alia
1401 3124 1661 3189 Trinitas,
1710 3128 1834 3193 quia

1930 1923 2194 2015 mortalis.
2220 1925 2358 1990 Quid
2392 1935 2590 1993 autem,
2622 1934 2842 1998 proprie
2869 1936 3092 2003 genuit?
3127 1936 3403 1996 Manifeste
3427 1957 3520 2015 ge-

1930 2013 2067 2075 nuit.
2096 2018 2524 2072 contristantibus
2556 2021 2725 2089 signis
2753 2032 2807 2077 et
2835 2024 3120 2082 virtutibus
3160 2028 3328 2085 Deum
3376 2013 3517 2096 esse.

1929 2104 2017 2170 qui
2061 2119 2125 2159 ex
2178 2105 2395 2163 homine
2438 2110 2698 2166 nascitur.
2739 2112 2876 2180 Quid
2916 2125 3025 2183 est,
3057 2121 3270 2188 proprie
3298 2126 3519 2192 genuit?

1932 2195 2046 2264 ipsa
2082 2197 2135 2253 ei
2174 2199 2452 2253 materiam
2483 2202 2661 2257 carnis
2690 2205 2983 2259 secundum
3016 2223 3176 2277 quam
3205 2222 3518 2281 generatur,

1930 2299 2191 2355 operante
2214 2290 2433 2359 quidem
2454 2291 2657 2361 Spiritu
2688 2305 2897 2362 saneto,
2921 2306 3289 2357 verumtamen
3316 2318 3380 2359 ex
3402 2307 3523 2361 suis

1934 2379 2230 2437 visceribus
2261 2381 2470 2449 tribuit,
2513 2394 2567 2441 et
2615 2385 2737 2441 ideo
2767 2401 2924 2456 quem
2972 2392 3053 2445 sic
3082 2388 3231 2446 nasci
3262 2398 3520 2462 oportuit,

1930 2470 2094 2529 etiam
2147 2473 2364 2543 proprie
2402 2476 2777 2549 genuitzquia
2804 2478 2861 2534 in
2894 2480 3120 2537 humana
3166 2499 3289 2540 eum
3332 2498 3521 2547 natura
3562 2502 3569 2505 ·

1931 2564 2138 2631 genuit,
2171 2580 2329 2635 quam
2369 2568 2518 2623 nullo
2551 2570 2831 2627 dubitante
2867 2576 3081 2644 proprie
3116 2579 3322 2647 genuit.
3368 2582 3523 2650 Quis-

1932 2657 2055 2725 quis
2082 2666 2264 2717 autem
2288 2670 2442 2729 putat
2466 2672 2558 2717 aut
2584 2662 2716 2720 dicit
2735 2679 2801 2720 ex
2824 2681 2928 2720 una
2956 2670 3251 2725 substantia
3282 2681 3523 2743 generari

1937 2748 2241 2807 rutilatenos
2272 2754 2513 2821 potuisse
2541 2754 2868 2812 substantias
2898 2759 3052 2831 duas,
3083 2766 3351 2820 veraciter
3372 2766 3523 2835 d‘eit,

1935 2845 1979 2899 si
2022 2846 2310 2913 Separatim
2350 2858 2634 2915 generatas
2660 2850 2909 2908 audierit.
2957 2855 3108 2912 Nunc
3156 2873 3285 2913 vero
3319 2862 3370 2916 in
3402 2878 3519 2919 ma—

1934 2952 2041 3003 gno
2071 2939 2163 2993 illo
2186 2950 2237 2994 et
2273 2939 2501 2995 mirabili
2531 2956 2896 3011 sacramento,
2944 2950 3085 3017 quod
3122 2953 3522 3012 manifestatum

1937 3038 2020 3087 est
2066 3030 2121 3084 in
2147 3046 2332 3097 carne,
2361 3033 2544 3089 divina
2576 3036 2875 3092 substantia
2905 3044 3203 3097 secundum
3238 3047 3522 3104 humanam

1941 3120 2293 3178 substantiam
2346 3127 2563 3194 proprie
2609 3136 2729 3183 nata
2779 3140 2892 3197 est;
2935 3133 3059 3201 quia
3103 3149 3206 3190 non
3240 3142 3525 3206 separatim

239 3219 352 3272 sine
402 3216 545 3273 Filio
596 3217 739 3271 nulla
784 3226 870 3271 est
912 3217 1167 3272 Trinitas.
1216 3218 1461 3272 Secunda
1494 3232 1626 3272 vero
1672 3232 1833 3271 causa

1945 3220 2066 3267 nata
2092 3225 2211 3279 est,
2242 3229 2343 3269 nec
2375 3215 2758 3273 humanitatem
2804 3198 3018 3291 preprie
3049 3238 3222 3280 natam
3267 3198 3366 3283 sibi
3398 3229 3522 3286 divi-

243 3313 589 3371 :lubitationit
642 3313 877 3378 videtur,
934 3315 1242 3371 nolentibus
1290 3314 1495 3379 dicere,
1555 3331 1718 3370 unum
1770 3315 1837 3371 de

243 3402 507 3458 'i'rinitate
550 3419 788 3475 passum,
826 3420 891 3459 ne
919 3405 1212 3461 divinitatis
1242 3406 1543 3462 substantia
1575 3406 1687 3462 fieri
1720 3423 1839 3475 pas—

242 3495 413 3551 sibilis
443 3494 709 3549 videatur.
755 3495 858 3551 Sed
908 3496 1009 3550 hoc
1055 3496 1387 3566 impossibile
1433 3507 1488 3551 et
1526 3500 1747 3553 auribus
1785 3508 1840 3552 et

245 3586 522 3643 limitibus
549 3584 833 3641 catholicis
868 3585 939 3641 ita
970 3602 1185 3656 semper
1213 3602 1455 3656 apparet,
1490 3600 1546 3643 ut
1575 3589 1839 3658 suspicari

246 3678 293 3732 h.
318 3694 346 3733 c
376 3680 603 3733 malitia
647 3680 821 3747 potius
849 3695 917 3747 qu
940 3695 1007 3731 tm
1052 3680 1278 3734 cautelae
1307 3680 1375 3733 sit
1404 3698 1416 3731 :
1443 3682 1675 3734 maxime
1705 3695 1836 3748 qne-

242 3774 385 3827 niatn
418 3773 549 3827 dum
581 3787 721 3827 unus
752 3773 820 3828 de
850 3773 1111 3827 Trinitate
1142 3775 1341 3830 dicitur
1367 3790 1592 3845 pas-us.
1620 3785 1676 3830 et
1718 3776 1837 3829 'l'ri-

242 3865 380 3918 nitas
410 3879 768 3935 personarum
804 3864 964 3920 habet
994 3865 1465 3934 signiﬁcationem,
1501 3868 1666 3921 cuivis
1689 3867 1844 3921 facile

238 3962 471 4025 apparet
503 3964 724 4025 propter
767 3970 924 4009 unam
971 3971 1253 4022 personam
1292 3957 1451 4013 Verbi
1499 3958 1847 4023 impossibilia

244 4049 541 4127 carnisque
568 4048 840 4117 passibilis
872 4064 1037 4104 unum
1083 4049 1150 4105 de
1180 4051 1444 4107 Trinitate
1478 4066 1689 4120 passum
1723 4067 1845 4122 pro-

240 4141 507 4197 nuntiari.
545 4139 728 4196 Tertia
761 4158 889 4195 vero
919 4140 1273 4198 dubitationis
1316 4152 1398 4198 est
1444 4158 1624 4207 causa,
1658 4158 1725 4198 ne
1760 4143 1844 4197 di-

238 4237 490 4292 centibus
512 4255 525 4291 :
549 4235 702 4293 Unus
732 4238 800 4291 de
827 4235 1093 4291 Trinitate
1123 4251 1332 4305 passus,
1386 4238 1669 4306 inquisitor
1693 4252 1847 4293 acer-

236 4332 421 4388 rimus
449 4333 595 4393 dicat
620 4349 638 4388 :
662 4332 799 4398 Quid
830 4331 1004 4386 unus?
1031 4342 1087 4387 et
1115 4333 1571 4397 respondentibus
1601 4350 1614 4386 :
1643 4331 1810 4387 Filius
1828 4376 1841 4395 ,

240 4424 445 4481 iterum
474 4423 623 4479 dicat
647 4441 661 4480 :
685 4424 825 4493 Ergo
853 4423 899 4479 si
931 4439 1067 4479 unus
1111 4432 1193 4477 est
1240 4423 1409 4478 Filius
1456 4424 1525 4478 de
1566 4425 1848 4488 Trinitate,

238 4516 325 4573 vel
360 4529 503 4571 unus
531 4523 616 4571 est
646 4515 950 4579 Triniat'nt,
976 4513 1208 4570 liiiorum
1237 4525 1321 4569 est
1340 4515 1596 4580 Trinitas,
1628 4524 1719 4571 aut
1736 4516 1852 4572 Tri-

1945 3303 2081 3358 nitas
2109 3305 2363 3371 adunayit
2387 3326 2398 3360 :
2425 3308 2516 3361 sed
2549 3309 2835 3365 adunandn
2860 3328 2979 3367 eam
3029 3314 3128 3370 sibi
3161 3321 3376 3389 proprie
3406 3331 3525 3377 nata

1940 3406 2044 3452 est.
2076 3396 2258 3454 Dicam
2283 3399 2459 3454 adhuc
2482 3401 2694 3468 planius
2717 3417 2815 3470 pro
2834 3414 2991 3471 caput
3018 3406 3342 3466 iniit-unitatis
3371 3428 3528 3482 mete,

1943 3490 1986 3542 si
2017 3504 2287 3546 removeat
2319 3492 2463 3546 Deus
2499 3494 2742 3547 veritatis
2782 3498 3030 3551 tenebras
3077 3498 3325 3556 falsitatis
3353 3520 3381 3557 a
3415 3504 3530 3562 inde

1944 3583 2101 3653 hujus
2130 3584 2529 3654 disputationis.
2569 3586 2791 3655 Proprie
2821 3599 2903 3643 est
2951 3601 3069 3644 nata
3104 3592 3169 3647 de
3216 3595 3373 3651 Patre
3404 3598 3533 3653 divi-

1947 3675 2086 3728 nitas
2130 3689 2293 3741 pura,
2329 3677 2546 3744 proprie
2575 3686 2659 3732 est
2691 3687 2811 3732 nata
2840 3679 2911 3733 de
2943 3692 3111 3736 matre
3142 3684 3327 3739 eadem
3361 3688 3532 3742 incar-

1947 3776 2068 3821 nata
2100 3767 2375 3822 divinitas.
2402 3770 2463 3822 lit
2490 3767 2591 3824 hoc
2612 3769 2777 3825 distat
2798 3770 2937 3825 inte"
2964 3775 3121 3827 unius
3146 3775 3264 3830 Filii
3290 3776 3382 3832 Dei
3405 3780 3533 3834 duas

1948 3860 2353 3929 generationes,
2384 3859 2527 3929 quod
2579 3862 2632 3914 in
2678 3861 2857 3915 divina
2886 3866 3230 3932 generatlone
3272 3868 3409 3923 nulla
3442 3870 3532 3927 fuit

1952 3952 2258 4007 humanitas
2282 3969 2295 4006 :
2322 3954 2376 4006 in
2405 3955 2635 4007 humana
2666 3956 3013 4022 generatione
3049 3956 3277 4012 adunata
3315 3960 3410 4014 fuit
3442 3962 3535 4015 bu-

1950 4045 2192 4101 manitati
2244 4047 2463 4115 proprie
2494 4048 2732 4101 nascenti
2765 4048 3033 4103 divinitas.
3065 4051 3121 4106 Si
3152 4054 3294 4107 enim
3324 4056 3532 4124 dixero,

1951 4140 2034 4193 vel
2063 4138 2245 4193 dicere
2278 4141 2498 4193 voluero
2522 4155 2536 4192 :
2559 4139 2720 4193 Maria
2769 4153 2983 4210 semper
3010 4143 3160 4211 virgo
3201 4148 3415 4216 proprie
3444 4166 3535 4219 ge-

1953 4231 2068 4285 nuit
2108 4230 2515 4297 humanitatem,
2562 4244 2669 4285 non
2716 4232 2929 4301 proprie
2973 4236 3151 4304 genuit
3182 4237 3535 4309 divinitatem,

1956 4322 2229 4376 videbitur
2254 4322 2353 4375 sub
2373 4321 2552 4389 aliquo
2578 4322 2739 4377 modo
2758 4322 3033 4378 hominem
3060 4342 3247 4393 purum
3271 4331 3538 4399 genuisse,

1956 4427 2115 4482 quem
2148 4414 2299 4466 nullo
2346 4413 2507 4466 modo
2536 4412 2609 4466 ita
2642 4415 2845 4482 genuit,
2891 4418 3013 4485 quia
3060 4416 3292 4474 Verbum
3322 4437 3538 4480 carnem

1958 4501 2155 4557 laetum
2206 4503 2427 4573 proprie
2475 4503 2677 4573 genuit.
2723 4503 2887 4560 ltecte
2915 4523 3062 4578 ergo,
3105 4522 3365 4580 quantum
3403 4518 3539 4572 arbi-

239 4607 432 4665 uitatis
454 4619 544 4665 est
567 4608 757 4667 Filius.
781 4609 1248 4676 Reapmnientibns
1276 4626 1288 4661 :
1315 4608 1478 4677 θυαε,
1503 4608 1645 4665 ὤεα
1667 4626 1680 4662 ε
1704 4609 1848 4677 Quo.
1884 4583 1935 4645 Ι)
1960 4600 2093 4656 tror.
2150 4594 2378 4649 dicimus
2423 4604 2475 4647 et
2526 4594 2847 4649 conﬁtentur
2878 4613 2891 4648 :
2923 4596 3086 4651 Maria
3141 4605 3402 4658 veraciter
3460 4618 3542 4664 est

234 4704 410 4758 modo
436 4712 525 4759 est
552 4703 818 4773 qui~piam
850 4718 985 4759 unus
1018 4703 1159 4758 Deus
1183 4704 1251 4757 de
1283 4702 1567 4767 Trinitatis,
1595 4717 1721 4757 cum
1747 4718 1852 4759 non

231 4796 308 4850 sit
335 4811 485 4853 unus
519 4795 683 4859 Dens,
714 4794 818 4853 nisi
846 4794 1118 4852 Trinitas?
1159 4793 1292 4849 liuic
1320 4804 1501 4850 autem
1528 4794 1852 4851 dubitationi

231 4884 407 4944 facile
439 4887 773 4952 occurritur,
822 4887 869 4943 si
908 4885 1037 4955 quid
1068 4886 1136 4941 sit
1166 4884 1401 4941 Trinitas
1430 4886 1850 4941 consideremus.

234 4976 488 5033 Trinitas
515 4980 661 5035 enim
689 4977 854 5047 (quod
878 4992 1024 5046 smpe
1048 4976 1336 5033 dicendum
1364 4977 1473 5047 est)
1500 4992 1850 5047 personarum

228 5078 322 5120 est
353 5068 624 5121 Trinitas.
651 5066 788 5133 Quid
821 5082 951 5135 ergo
980 5066 1235 5130 Trinitas,
1284 5066 1385 5120 nisi
1429 5076 1539 5122 tres
1565 5069 1853 5138 personat!

228 5161 375 5220 Utta
410 5168 535 5212 sunt
568 5166 677 5211 tres
722 5171 988 5226 pessume,
1023 5158 1124 5212 nisi
1160 5158 1210 5211 Ρ.
1236 5166 1336 5220 ter,
1385 5156 1552 5212 Filius
1584 5168 1637 5212 el
1679 5161 1853 5227 Spiri-

235 5253 324 5303 tus
373 5251 636 5303 sanctus?
670 5250 723 5304 in
771 5251 872 5303 hac
915 5266 1044 5319 ergo
1093 5250 1383 5311 Trinitate,
1422 5266 1592 5320 neque
1625 5251 1852 5306 Patresb

228 5339 483 5403 invenis,
532 5355 706 5403 neme
738 5339 905 5395 Filios
953 5352 1083 5405 tres,
1133 5358 1308 5412 neque
1355 5342 1589 5409 Spiritus
1636 5353 1855 5400 sanctos

229 5439 352 5487 tres
390 5440 485 5484 εει
531 5443 814 5500 propterea
858 5446 1081 5485 securus
1120 5430 1253 5494 dicis
1280 5450 1293 5484 :
1321 5432 1494 5487 Unum
1545 5432 1735 5487 Filium
1785 5435 1852 5487 de

228 5523 535 5589 Trinitate,
566 5523 693 5593 quia
723 5538 831 5581 non
858 5533 943 5578 est
972 5523 1026 5577 in
1054 5523 1319 5579 Trinitate
1346 5525 1515 5579 Filius
1545 5525 1647 5578 nisi
1682 5541 1848 5591 unus;

306 5751 337 5779 ⁸
369 5739 479 5796 Hic
501 5740 1010 5811 subinteliigcudum
1054 5744 1239 5810 potius,
1282 5753 1340 5799 ut
1378 5757 1561 5811 supra,
1611 5759 1755 5799 num.
1789 5745 1843 5799 2.

310 5812 678 5884 ‘LPgendttm
709 5814 937 5867 suadere
976 5812 1223 5868 vdeatur
1245 5824 1346 5895 (res
1383 5816 1563 5872 l’ntres
1593 5832 1709 5887 qua:
1734 5827 1844 5871 stas

619 5908 888 5965 Parnoc.
929 5904 1176 5965 LXV“.

1960 4696 2130 4741 mater
2158 4686 2251 4741 Dei
2282 4686 2506 4752 Clu-is'i,
2534 4697 2593 4740 ιιι
2622 4702 2728 4741 non
2768 4699 2914 4743 esset
2943 4691 3179 4761 suspirio
3223 4696 3541 4765 phantas'm.

1960 4776 2127 4833 Recte
2150 4781 2313 4833 etiam
2338 4778 2654 4833 conﬁtentur
2677 4799 2689 4835 :
2710 4782 2871 4835 Maria
2896 4784 3109 4852 proprie
3139 4794 3309 4841 mater
3336 4798 3419 4841 est
3451 4790 3541 4844 Dei

1959 4873 2183 4936 Clu-imi,
2213 4886 2267 4927 ιιι
2299 4875 2603 4929 nullatenus
2647 4876 2915 4931 hominem
2952 4894 3159 4947 parum,
3193 4879 3283 4951 qui
3310 4896 3403 4948 pro
3431 4897 3543 4937 me-

1960 4965 2081 5020 ritis
2106 4979 2328 5035 operum
2361 4966 2623 5023 bonorum
2649 4978 2833 5036 postea
2865 4970 3245 5037 praveheretnr
3271 4972 3322 5025 in
3352 4970 3540 5040 Deum,

1960 5058 2043 5115 vel
2077 5062 2497 5129 superveniente
2546 5064 2597 5114 in
2640 5076 2700 5116 se
2733 5062 2868 5115 Filio
2912 5061 3027 5124 Dei,
3061 5062 3239 5116 vocari
3281 5073 3373 5119 aut
3405 5065 3542 5122 ρι’ηεὶ

1962 5151 2221 5218 inciperet
2256 5152 2417 5219 Deus,
2444 5153 2541 5207 sed
2578 5154 2743 5207 Deum
2774 5154 2890 5207 sine
2922 5153 3092 5217 initio,
3121 5169 3186 5208 ex
3216 5170 3292 5210 cet
3311 5166 3362 5211 to
3395 5162 3544 5215 initio

1965 5244 2233 5300 hominem
2262 5248 2454 5299 iactmn
2478 5248 2790 5313 concepisse
2815 5256 2868 5299 et
2890 5248 3134 5314 genuisse
3163 5250 3432 5308 credatur.
3459 5254 3543 5309 ln-

1961 5334 2130 5389 veniri
2161 5346 2335 5403 potest
2368 5336 2521 5403 plane
2549 5334 2682 5389 alios
2708 5349 2913 5390 conven
2937 5352 3034 5391 ens
3061 5339 3272 5405 modus,
3300 5359 3405 5415 quo
3430 5346 3545 5405 sine

1959 5427 2217 5482 seandalo
2261 5427 2375 5481 iure
2420 5428 2684 5481 sententia
2732 5427 3052 5497 proferatur,
3084 5433 3127 5486 si
3161 5432 3227 5486 ita
3256 5440 3543 5507 unusquis-

1959 5535 2063 5588 que
2093 5520 2231 5575 dicat
2259 5538 2270 5574 :
2299 5520 2456 5575 Matio
2506 5522 2721 5591 proprie
2760 5530 2931 5578 mater
2966 5523 3057 5579 Dei
3099 5525 3317 5597 Christi,
3348 5540 3404 5585 ut
3433 5531 3545 5587 sin-

1962 5729 2067 5800 lim.
2110 5722 2427 5815 sequuntur,
2480 5761 2641 5817 neque
2689 5745 2855 5805 Filios
2903 5763 3057 5818 τω,
3113 5765 3272 5821 neque
3327 5749 3547 5819 Spiri'ﬂts

1958 5827 2160 5871 sanctos
2188 5830 2340 5870 τιιεις.

3239 5910 3313 5969 29
