4012 6194
504 315 643 378 ’ὌΟῚ

1474 320 1839 391 FULGEM‘H
1882 321 2110 376 πωπω

2229 369 2230 373 η
2278 322 2549 379 DlACONl
2591 326 2937 381 CAﬂ'l'llAC.
3725 334 3817 389 ε’(ὶὸ

540 439 728 511 gulare
760 436 862 494 hoc
892 436 1127 492 cmlestis
1158 435 1488 504 operationis
1529 436 1852 492 beneﬁcium
1900 452 2006 491 non
2056 436 2131 490 νίν
2165 439 2209 493 Α
2240 438 2464 503 caverit,
2517 438 2969 495 Chalcedonensis
3014 438 3113 495 dcc
3142 450 3226 495 eta
3283 443 3520 511 concilii,
3575 452 3629 497 et
3688 464 3815 517 rapt-

543 535 732 587 deatur
775 544 1058 585 commune
1107 544 1228 583 cum
1258 529 1492 584 etcteris.
1528 529 1645 599 ipse
1692 530 1833 586 enim
1882 531 2133 586 Salvator

542 628 595 679 in
625 622 914 692 Evangelia
941 621 1308 676 nuntiantibus
1335 622 1435 677 sibi
1463 639 1476 676 :
1506 620 1636 675 Ecce
1659 631 1817 676 mater
1846 633 1931 675 tua
1951 633 1996 676 ct
2026 625 2135 691 [ηι-

539 726 635 767 tres
666 714 740 767 tui
774 714 902 783 [oris
920 722 1055 767 stant
1078 722 1359 782 querentes
1382 713 1607 780 te:Quae
1627 723 1719 778 cst,
1754 716 1940 783 inquit,
1972 725 2133 767 mater

542 821 673 872 mea,
699 817 784 858 aut
808 806 895 876 qui
924 814 1042 859 sunt
1074 809 1259 875 fratres
1287 806 1425 859 me}?
1452 804 1516 858 Et
1547 807 1820 860 extendens
1849 823 2055 859 manum
2081 808 2131 859 in

540 895 839 961 discipulos,
894 898 965 949 ait
996 896 1175 950 :lt'rce
1223 905 1381 951 mater
1429 914 1540 950 mea
1588 909 1634 951 et
1677 902 1864 967 fratres
1912 898 2027 951 mei.
2063 896 2130 951 Et

542 988 704 1040 omnis
732 988 822 1057 qui
845 988 968 1058 facit
995 988 1309 1043 voluntatem
1338 986 1513 1043 Patris
1543 990 1640 1043 mei
1666 989 1751 1057 qui
1778 990 1831 1041 in
1858 988 1999 1043 ca’lis
2035 998 2127 1053 est,

532 1078 621 1151 hic
648 1094 789 1133 meus
811 1079 971 1150 frater
1002 1088 1049 1132 et
1076 1094 1245 1145 soror,
1286 1088 1332 1131 et
1362 1089 1523 1131 mater
1559 1086 1633 1131 est
1660 1076 1875 1148 (Matth.
1910 1093 2002 1138 υ,
2037 1077 2131 1130 47-

473 1185 477 1197 τ
542 1170 655 1243 50).
700 1174 888 1229 Omnis
937 1188 1066 1243 ergo
1118 1172 1318 1228 iaciens
1374 1174 1710 1231 voluntatem
1763 1172 1936 1227 Patris
1990 1171 2126 1241 ejus,
2182 1222 2185 1231 ,

541 1278 713 1323 :nater
756 1277 838 1323 cst
866 1268 1007 1338 ejus.
1039 1266 1146 1321 Sed
1176 1266 1339 1321 Maria
1388 1267 1509 1320 ideo
1557 1266 1769 1335 proprie
1819 1277 1995 1321 mater
2021 1273 2125 1330 est,

537 1361 660 1429 quia
690 1360 961 1415 nascendo
1002 1358 1070 1417 de
1097 1372 1159 1411 ea
1189 1357 1483 1413 secundum
1513 1372 1730 1413 carnem
1760 1356 1927 1411 tactus
1957 1367 2038 1411 est
2070 1356 2128 1409 li.

486 1432 487 1435 η
545 1454 647 1505 lius
679 1452 813 1522 cjtts.
846 1451 1027 1506 Multa:
1065 1451 1317 1505 mulieres
1347 1450 1515 1505 Deum
1546 1451 1796 1505 timentes
1826 1450 2130 1519 parturiunt

545 1548 711 1600 Deum
741 1544 1012 1600 Christum
1041 1555 1240 1610 mente,
1266 1560 1371 1600 non
1402 1561 1564 1602 carne
1589 1562 1606 1601 :
1628 1546 1741 1601 sola
1768 1556 1942 1602 autem
1967 1547 2129 1602 Maria

541 1640 707 1694 Deum
754 1639 1023 1695 Christum
1074 1640 1283 1706 peperit
1326 1641 1485 1695 etiam
1536 1657 1729 1707 carne;
1780 1651 1836 1695 et
1866 1642 1987 1696 ideo
2016 1640 2129 1695 sola

540 1734 751 1802 ptoprie
783 1741 953 1786 mater
978 1741 1063 1786 est
1097 1732 1210 1797 Dei,
1240 1735 1365 1802 quia
1397 1733 1538 1787 nuTla
1587 1734 1689 1789 alia
1732 1735 1808 1788 sic
1837 1744 2007 1789 mater
2045 1742 2129 1787 est

2242 530 2435 586 Lienis
2472 534 2751 601 epistolam
2793 535 2942 603 sequi
2984 548 3041 588 se
3093 534 3143 587 in
3194 534 3444 589 omnibus
3498 538 3813 605 proﬁtzatnr.

2239 621 2698 692 Superadjiciens,
2736 640 2828 692 per
2850 627 3278 680 incarnationem
3311 624 3429 679 Filii
3462 627 3554 681 Dei
3586 646 3692 681 non
3722 650 3813 686 t'rc-

2240 715 2377 767 tisse
2428 714 2768 778 Trinitatem,
2805 730 2903 769 nec
2945 725 3188 784 quztrt'm
3242 715 3491 770 Trinitati
3540 722 3812 779 accessis~g

2240 820 2554 874 personam;
2586 807 2705 876 quia
2731 806 3027 861 divinitatis
3066 816 3118 861 et
3150 808 3499 863 humanitatis
3533 812 3585 865 in
3623 812 3811 866 tthristo

2236 899 2588 967 singulariter
2620 898 2916 964 permansit
2944 898 3055 966 ipsa
3088 912 3346 966 persona;
3379 904 3520 969 quod
3558 902 3810 957 Ncsmrins

2236 992 2372 1043 tinos
2405 990 2748 1043 introdoccns
2781 988 2919 1042 liiins
2947 1000 3127 1058 negat,
3161 998 3220 1042 ut
3251 990 3444 1044 merito
3461 990 3574 1061 jam
3600 1004 3810 1047 θυρίδω-

2237 1083 2381 1135 ribus
2415 1082 2531 1151 ejus
2564 1082 2740 1136 ﬁdelis
2768 1082 3021 1136 catholici
3056 1084 3233 1152 lingua
3264 1086 3619 1152 reSpOndens,
3650 1088 3715 1139 sil
3743 1100 3789 1139 re

2237 1174 2554 1229 movendam
2597 1176 3034 1242 quaternitatcm,
3074 1176 3215 1230 dicat
3259 1193 3420 1231 unum
3469 1177 3537 1232 de.
3570 1181 3614 1231 Τ
3648 1181 3809 1233 initste

2237 1280 2477 1334 passum;
2511 1283 2668 1336 quem
2704 1274 2880 1321 tamen
2914 1267 3150 1321 insinuet
3175 1269 3467 1323 secundum
3496 1270 3806 1324 divinitatem

2234 1373 2351 1413 esse
2382 1375 2547 1414 unum
2572 1359 2639 1414 de
2662 1359 2945 1426 Trinitate,
2971 1361 3266 1416 secundum
3289 1362 3673 1418 humanitatem
3699 1381 3810 1419 vero

2235 1466 2470 1519 passum.
2505 1451 2753 1508 Dicturus
2781 1467 2913 1523 ergo
2944 1469 3108 1508 unum
3139 1456 3209 1509 de
3232 1455 3496 1512 Trinitate
3525 1456 3803 1527 Christum,

2235 1545 2379 1613 prius
2422 1545 2521 1598 ista
2575 1561 2693 1612 qum.
2721 1544 2953 1600 diximus
2986 1547 3158 1612 dicat;
3194 1547 3424 1604 maxime
3451 1549 3667 1617 quando
3696 1564 3807 1603 cnn-

2242 1633 2630 1689 tradicentibus
2674 1647 2763 1688 aut
2806 1638 2946 1689 male
3003 1638 3394 1705 suspicantibus
3450 1639 3716 1708 loquitur;
3768 1651 3809 1695 t-t

2233 1726 2397 1780 alium
2428 1740 2534 1781 non
2566 1726 2821 1796 aediﬁcat,
2865 1729 2958 1797 qui
2989 1742 3111 1782 eum
3154 1729 3297 1781 malo
3332 1743 3485 1783 sensu
3518 1730 3644 1783 talia
3677 1741 3811 1798 putat

543 1826 653 1880 lit-i.
694 1826 885 1880 Beatus
926 1826 1217 1893 Apostolus
1255 1826 1382 1881 dum
1416 1826 1670 1882 Romanis
1700 1829 1977 1893 scriberet,
2013 1827 2115 1883 ait:

2234 1818 2525 1874 instruere.
2557 1817 2695 1873 Nolo
2724 1818 3133 1887 praedicatorem
3166 1820 3326 1875 Verbi
3359 1821 3473 1887 Dei,
3514 1822 3808 1876 testimonio

538 1916 597 1972 Si
632 1919 766 1971 (Petis
797 1932 891 1984 pro
921 1918 1088 1981 nobis,
1120 1917 1233 1983 quis
1262 1934 1355 1971 con
1380 1934 1439 1972 ra
1464 1920 1592 1973 nos?
1618 1919 1718 1985 Qui
1739 1921 1890 1972 etiam
1921 1922 2130 1987 praprio

538 1998 679 2055 Filia
710 2021 809 2058 non
837 2009 1082 2075 peperrit,
1108 2008 1198 2060 sed
1226 2024 1320 2074 pro
1349 2011 1489 2061 nobis
1518 2010 1747 2062 omnibus
1771 2010 1985 2063 tradidit
2012 2027 2129 2064 eum

509 2090 714 2157 '(liom.
750 2110 858 2155 vni.
884 2094 998 2165 5‘2).
1034 2095 1183 2151 Dicat
1213 2113 1342 2168 ergo
1369 2098 1500 2153 mihi
1530 2100 1748 2169 aliquis,
1780 2111 1955 2155 utrum
1999 2116 2120 2169 pro-

514 2186 684 2252 qtrius
717 2184 887 2241 Filius
915 2185 1009 2243 Dei
1041 2188 1236 2256 Patris,
1278 2189 1391 2260 ipse
1421 2200 1504 2247 est
1536 2192 1779 2261 proprius
1822 2193 1962 2248 ﬁlius
2004 2192 2122 2248 Vir-

534 2278 670 2345 ginis
719 2280 928 2347 matris,
961 2298 1030 2336 an
1085 2282 1221 2339 forte
1270 2299 1375 2338 non
1421 2284 1606 2341 habuit
1654 2286 1817 2340 Maria
1851 2287 2125 2356 proprium

533 2370 727 2438 tilittnt,
779 2387 938 2441 quem
996 2376 1137 2430 licus
1166 2374 1328 2430 habet
1372 2378 1644 2445 proprium
1679 2377 1910 2432 Filium?
1937 2377 2044 2434 Sed
2074 2388 2129 2433 et

534 2462 693 2518 Maria
722 2462 883 2520 habet
916 2467 1191 2534 protzritnn
1224 2466 1412 2531 ﬁliuni,
1431 2468 1559 2537 quia
1588 2469 1797 2539 genuit,
1831 2484 1940 2526 nou
1960 2468 2126 2540 adop-

531 2556 661 2613 tavit
691 2574 705 2610 :
733 2570 789 2613 et
835 2558 984 2614 illuni
1016 2561 1182 2616 habet
1223 2561 1495 2631 proprium
1530 2562 1727 2628 ﬁlium,
1772 2577 1931 2631 quem
1967 2563 2125 2619 habet

535 2650 678 2707 Deus
737 2653 1012 2723 proprium
1068 2654 1281 2721 Filium,
1315 2656 1439 2723 quia
1494 2658 1629 2710 duos
1660 2656 1801 2712 ﬁlios
1852 2672 2123 2727 nunquam

533 2743 968 2801 tideseatholica
1013 2746 1289 2815 praedicat.
1334 2746 1521 2803 Restat
1550 2762 1678 2816 ergo
1706 2759 1762 2803 ut
1785 2748 1830 2804 si
1860 2750 1998 2805 Deus
2028 2749 2122 2805 Dei

530 2834 781 2903 proprius
810 2834 866 2891 oF
873 2837 1019 2905 ilius,
1052 2837 1166 2907 ipse
1208 2847 1294 2893 est
1320 2840 1481 2894 etiam
1513 2841 1702 2895 matris
1732 2840 1967 2912 Virginis
1995 2856 2122 2912 pro-

531 2926 678 2994 prius
731 2926 902 2993 lilius,
952 2928 1168 2998 proprie
1198 2946 1319 2986 eum
1351 2933 1622 3000 genuerit.
1672 2934 1922 3004 Alioquin
1956 2935 2002 2991 si
2033 2935 2120 2991 illa

528 3017 742 3086 proprie
788 3032 893 3073 non
925 3021 1193 3090 genuerit,
1242 3038 1341 3077 nec
1385 3023 1477 3078 ille
1525 3026 1777 3093 proprius
1824 3036 1907 3081 est
1956 3027 2117 3083 ﬁlius.

529 3104 779 3178 Proprias
810 3120 891 3166 est
918 3120 1099 3177 autem
1127 3113 1302 3179 ﬁlius;
1330 3129 1465 3185 ergo
1505 3115 1593 3169 illa
1641 3116 1861 3185 praprie
1889 3119 2117 3188 genuit:

2236 1920 2441 1967 tantum
2471 1914 2818 1969 conscientia:
2848 1930 2962 1969 sua:
3008 1928 3129 1970 esse
3155 1923 3465 1971 contentum
3492 1933 3506 1968 :
3535 1916 3805 1983 perducere

2232 2013 2457 2060 conetur
2497 2005 2565 2060 ad
2595 2020 2689 2061 eor
2717 2006 2946 2060 aliorum
2967 2046 2981 2072 ,
3014 2006 3153 2075 quod
3185 2015 3328 2061 recte
3356 2020 3418 2061 ae
3448 2006 3677 2060 ﬁdrlitcr
3707 2022 3803 2061 seu-

2234 2101 2363 2164 tiat;
2406 2113 2505 2155 nee
2546 2100 2779 2171 pigritia,
2814 2115 2911 2155 nec
2942 2099 3189 2168 superbia
3222 2108 3526 2163 revocetur,
3565 2109 3799 2168 tanquam

2233 2193 2508 2247 inculcatis
2558 2208 2670 2247 rem
2702 2193 2941 2257 dubiam,
2965 2193 3141 2247 donec
3170 2194 3313 2247 omni
3356 2203 3536 2248 carent
3561 2192 3804 2261 ambigui-

2233 2294 2359 2339 tate.
2395 2285 2476 2341 Sit
2524 2284 2902 2354 ntultiloquus,
2934 2295 3192 2356 quantum
3225 2287 3521 2340 necessitas
3562 2286 3800 2357 coegetit,

2233 2378 2360 2431 dum
2396 2388 2573 2433 tamen
2602 2379 2830 2433 obscura
2876 2376 3137 2433 brevitate
3173 2378 3441 2432 neminem
3476 2378 3802 2432 scandalizet.

2229 2470 2489 2527 Similiter
2516 2470 2763 2526 dicturus
2804 2470 3015 2526 beatam
3062 2470 3281 2523 Mariam
3334 2483 3459 2524 vere
3505 2478 3563 2524 et
3609 2469 3801 2538 propria

2234 2561 2399 2616 Deum
2423 2564 2697 2632 genu'sse,
2730 2562 2879 2629 prius
2908 2562 2997 2615 illa
3030 2561 3207 2615 omnia
3250 2560 3538 2626 confitens,
3570 2560 3803 2615 divinita-

2230 2664 2337 2710 tem
2380 2652 2498 2707 Filii
2550 2652 2641 2707 Dei
2680 2652 2790 2722 jam
2835 2652 2902 2707 de
2935 2653 3093 2706 Patre
3124 2659 3325 2718 natun,
3376 2666 3477 2707 nec
3520 2651 3692 2719 nasci,
3721 2666 3802 2706 nec

2234 2747 2451 2814 proprie
2483 2744 2628 2799 nasci
2659 2754 2866 2799 asserat
2914 2744 3184 2813 potuisse,
3234 2745 3334 2798 nisi
3383 2757 3603 2799 carnem
3648 2743 3804 2798 nostri
3870 2752 3887 2773 °

2226 2836 2442 2907 generis
2467 2847 2521 2891 et
2552 2838 2745 2891 anima:
2777 2836 3057 2892 rationalis
3088 2835 3463 2902 substantiam,
3512 2836 3563 2891 id
3595 2848 3680 2892 est
3710 2836 3801 2905 ple-

2226 2943 2353 2981 num
2389 2926 2684 2992 hominem,
2723 2928 3053 2998 suscepisset
3075 2947 3088 2981 :
3113 2942 3288 2995 neque
3318 2926 3526 2982 initium
3553 2926 3805 2981 divinitati

2226 3034 2322 3089 per
2346 3018 2677 3075 nativitatem
2707 3021 3054 3089 temporalem
3086 3020 3269 3075 datum
3301 3019 3488 3086 fuisse,
3519 3019 3616 3075 sed
3645 3024 3805 3079 carni,

2224 3109 2377 3179 cujus
2424 3110 2632 3164 initium
2680 3112 2765 3166 vel
2797 3112 3079 3180 conceptio
3106 3126 3212 3166 non
3252 3109 3353 3167 fuit
3396 3111 3500 3166 nisi
3548 3111 3807 3179 susceptio

527 3211 898 3258 verumtamen
913 3206 1207 3261 secundum
1224 3205 1631 3277 humanitatem,
1648 3210 1937 3266 secundum
1958 3227 2115 3282 quam

2229 3203 2539 3259 divinitatis.
2571 3204 2724 3258 Prius
2757 3203 2919 3259 etiam
2956 3204 3277 3259 conﬁteatur
3320 3219 3420 3260 nec
3447 3218 3511 3259 ea
3543 3220 3666 3274 quae
3696 3215 3807 3257 sunt

525 3293 698 3361 potuit
727 3294 868 3349 Deus
899 3297 1068 3351 nasci.

595 3382 683 3436 l8.
710 3384 969 3453 Superest
996 3402 1157 3455 nunc,
1205 3390 1261 3444 in
1297 3390 1645 3448 conclusione
1680 3394 1838 3465 hujus
1885 3397 2114 3452 volumi-

524 3475 630 3540 nis,
662 3476 868 3532 eisdem
899 3480 1106 3535 duabus
1136 3484 1421 3539 sententiis
1447 3485 1514 3541 de
1543 3488 1738 3555 quibus
1768 3490 1907 3545 inter
1927 3505 1986 3546 se
2009 3492 2118 3546 dis-

524 3565 823 3633 putantium
860 3567 1080 3625 fratrum
1116 3572 1321 3641 prolixa
1354 3576 1413 3628 lit
1457 3576 1754 3641 altercatio,
1790 3594 1857 3633 ne
1885 3596 1987 3649 qua
2026 3598 2107 3637 reo

524 3672 744 3713 manere
787 3659 871 3714 vel
924 3662 1238 3731 suspiciosis
1296 3662 1541 3721 videatur
1598 3670 1940 3740 ambiguitas,
1985 3672 2115 3726 dare

521 3750 808 3817 quamdam
840 3750 962 3807 ﬁdei
995 3755 1255 3825 regulam,
1282 3772 1385 3828 qua
1431 3760 1767 3829 pracedente
1798 3766 2114 3835 simplititas

521 3842 855 3911 taquentium
898 3848 1296 3916 maniiestetur,
1323 3863 1379 3909 et
1405 3854 1734 3910 audientium
1776 3870 2114 3914 remnv.atur

520 3934 858 3992 scandalum.
907 3940 1157 3997 Dicturus
1196 3959 1327 4014 ergo
1356 3961 1521 4000 unum
1573 3948 1641 4001 de
1682 3949 1946 4006 Trinitate
1988 3968 2109 4020 pas-

519 4043 660 4103 sum,
686 4031 843 4100 prius
874 4043 1085 4088 asset-at
1113 4036 1497 4108 omnipotentis
1531 4041 1622 4095 Dei
1654 4056 1811 4097 unam
1861 4045 2111 4098 substan-

520 4122 671 4181 tiam.
704 4130 817 4178 tres
841 4139 963 4180 esse
992 4140 1251 4195 personas
1276 4146 1286 4179 :
1313 4145 1378 4183 ex
1407 4130 1601 4197 quibus
1635 4148 1737 4185 una
1762 4149 2020 4203 persona,
2055 4137 2108 4191 id

520 4222 602 4264 est
634 4210 674 4264 F
680 4210 821 4278 ilius,
858 4213 999 4269 Deus
1029 4231 1371 4285 permanens,
1406 4218 1567 4274 homo
1612 4222 1813 4287 lactus,
1850 4236 1905 4279 et
1956 4238 2109 4283 natus

521 4314 575 4358 et
608 4320 797 4374 passus
830 4307 929 4373 sit;
962 4324 1132 4378 neque
1177 4310 1335 4367 Patre
1364 4326 1537 4382 neque
1567 4312 1769 4383 Spiritu
1800 4328 1987 4373 sant-to
2017 4335 2109 4386 pa-

520 4397 653 4452 riter
681 4398 992 4465 incantato,
1024 4404 1270 4468 quamvis
1315 4418 1451 4473 opus
1493 4414 1690 4461 nostra:
1722 4409 2107 4478 redemptionis

520 4498 629 4542 tota
663 4490 821 4545 fuerit
850 4491 1082 4547 Trinitas
1109 4505 1348 4562 operata.
1382 4496 1471 4552 Sic
1514 4511 1689 4555 antetn
1725 4515 1938 4569 passum
1986 4519 2106 4561 esse

2221 3298 2540 3361 divinitatis,
2596 3312 2751 3366 posse
2796 3298 2863 3351 ab
2900 3298 3255 3365 humanitate,
3290 3313 3389 3353 nee
3427 3313 3493 3354 ea
3538 3314 3663 3369 qua:
3693 3310 3807 3353 sunt

2222 3397 2595 3459 humanitatis,
2626 3410 2783 3464 posse
2811 3409 2840 3447 a
2874 3394 3154 3450 divinitate
3194 3395 3390 3449 Christi
3418 3396 3688 3466 separari;
3720 3394 3804 3448 sed

2219 3490 2334 3543 sive
2374 3489 2504 3542 illud
2556 3487 2697 3553 quod
2747 3488 3043 3541 secundum
3097 3487 3470 3551 divinitatem,
3515 3488 3629 3541 sive
3684 3486 3805 3539 illud

2220 3580 2359 3649 quod
2388 3579 2679 3634 secundum
2724 3578 3110 3633 humanitatem
3142 3579 3372 3642 dictum,
3398 3588 3643 3648 gestum,
3680 3577 3805 3632 tole-

2222 3681 2471 3724 ratumve
2492 3678 2594 3735 est,
2619 3668 2834 3735 utrique
2865 3668 3177 3721 SttbStantia:
3208 3670 3327 3736 ejus
3352 3683 3472 3723 esse
3499 3681 3801 3723 commune.

2220 3763 2451 3831 Propter
2478 3776 2637 3815 unam
2684 3760 2845 3832 (quod
2874 3775 3019 3829 sa-pe
3058 3777 3161 3815 non
3201 3761 3342 3830 piget
3371 3761 3666 3831 inculcare)
3696 3776 3804 3830 per.

2218 3869 2453 3913 sonam.
2508 3867 2667 3921 quam
2724 3852 2975 3921 praedicat
3039 3860 3198 3906 recta:
3268 3852 3388 3905 ﬁdei
3453 3852 3803 3920 pmdicator;

2215 3945 2463 4013 quamvis
2488 3944 2718 4010 noverit,
2752 3942 3044 3998 secundum
3080 3944 3465 3997 humanitatem
3493 3943 3562 3999 de
3588 3944 3807 3999 visceri-

2219 4040 2318 4095 bus
2345 4038 2532 4093 matris
2564 4038 2780 4108 proprie
2822 4047 2999 4092 natant
3033 4038 3194 4093 fuisse
3241 4038 3580 4093 divinitatem
3602 4080 3617 4104 ,
3657 4054 3807 4093 sectis

2215 4148 2309 4188 rus
2348 4143 2526 4187 tamen
2554 4132 2682 4186 dicit
2708 4148 2722 4185 :
2751 4133 2911 4185 Maria
2945 4131 3108 4185 Deum
3143 4132 3358 4199 proprie
3404 4134 3621 4201 genuit;
3662 4132 3805 4185 illum

2212 4226 2418 4295 genuit,
2440 4224 2630 4293 quisic
2661 4223 2824 4277 homo
2853 4221 3116 4287 creditur,
3149 4234 3205 4275 ut
3239 4223 3379 4277 Deus
3410 4238 3517 4275 non
3551 4232 3803 4295 negetur.

2216 4317 2307 4369 llle
2361 4324 2540 4369 auzem
2585 4313 2676 4381 qui
2723 4313 2818 4366 has
2863 4312 3071 4367 dubitat
3116 4314 3355 4381 proferre
3400 4316 3726 4382 sententias,
3766 4314 3807 4368 si

2213 4416 2405 4461 cuncta
2436 4423 2557 4476 qua:
2587 4406 2761 4461 solent
2790 4406 2892 4460 sub
2922 4405 3179 4460 baeretieo
3225 4406 3396 4462 latere
3441 4422 3597 4460 sensu
3634 4407 3800 4461 ιιιεηιίο

2214 4498 2368 4553 testis
2388 4498 2769 4566 absolutisque
2797 4497 3140 4551 sermonibus
3179 4498 3408 4551 audierit
3438 4500 3690 4565 refutari,
3719 4512 3803 4552 ca-

520 4579 715 4635 Filiunt
765 4580 1013 4649 fateatur,
1061 4596 1118 4640 ut
1166 4587 1395 4642 credens
1445 4588 1702 4660 intelligat
1732 4607 1837 4647 non
1871 4596 2105 4663 potuisse
2137 4585 2185 4645 ἰ)
2214 4600 2331 4646 reat
2353 4590 2770 4659 suspicionibus,
2795 4589 3007 4643 omittat
3028 4592 3425 4655 Contentiones,
3446 4590 3582 4646 etde
3599 4601 3814 4645 caetero

517 4688 637 4729 eum
671 4674 779 4745 pati
809 4675 860 4729 in
892 4675 1003 4742 ipsa
1029 4678 1349 4745 substantia,
1382 4696 1483 4749 qua
1522 4684 1679 4749 Deus,
1712 4694 1766 4739 et
1794 4704 1912 4741 cunt
1949 4688 2105 4745 Patre

514 4777 567 4820 et
608 4781 731 4821 eum
787 4764 989 4836 Spiritu
1038 4780 1225 4827 sancto
1276 4788 1414 4827 unus
1456 4773 1593 4829 Deus
1623 4787 1727 4843 est,
1778 4779 1869 4833 sed
1916 4779 1967 4833 in
2015 4781 2103 4836 illa

514 4871 670 4924 quant
698 4857 815 4912 sine
842 4856 999 4913 Patre
1027 4867 1080 4914 et
1108 4859 1310 4929 Spiritu
1333 4873 1521 4918 saneto
1548 4852 1785 4935 suscepit
1814 4885 1877 4921 ex
1907 4880 2097 4925 matre.

512 4947 617 5003 Sed
649 4947 769 5003 ideo
790 4948 1122 5005 divinitatem
1156 4950 1276 5007 Filii
1303 4963 1449 5010 recte
1477 4970 1637 5025 posse
1667 4972 1695 5009 a
1729 4956 1976 5014 ﬁdelibus
1996 4960 2106 5016 diei

514 5055 722 5108 passam
756 5040 939 5108 fuisse,
962 5042 1085 5112 quia
1114 5043 1282 5111 ipsius
1313 5056 1395 5101 est
1422 5059 1551 5101 caro
1575 5063 1694 5117 qua:
1727 5063 1885 5116 passa
1912 5060 2015 5116 est,
2048 5061 2098 5106 et

513 5132 577 5187 ad
609 5132 727 5201 ejus
756 5148 1039 5203 personam
1087 5137 1318 5205 pertinet
1343 5153 1503 5206 quam
1534 5146 1656 5196 cum
1699 5140 1857 5196 Patre
1886 5151 1942 5196 et
1979 5143 2103 5211 Spi-

512 5225 617 5279 ritu
649 5234 833 5280 sancto
879 5244 984 5281 non
1017 5229 1256 5284 creditur
1295 5230 1492 5285 habere
1536 5247 1901 5288 communem.
1946 5235 2105 5290 Poste

510 5329 670 5379 quam
697 5330 825 5369 vero
854 5325 909 5371 et
939 5317 1102 5373 Deum
1139 5320 1231 5374 Dei
1280 5320 1485 5376 Filium
1518 5339 1730 5389 passum
1751 5366 1765 5389 ,
1799 5334 1855 5379 et
1888 5341 1994 5381 non
2046 5332 2096 5382 in

511 5402 789 5457 divinitate
829 5404 940 5474 ipsa
991 5409 1311 5477 passibilem-
1341 5414 1559 5478 factum,
1610 5416 1705 5469 sed
1762 5416 2093 5477 humanitate

509 5509 629 5561 qua:
664 5493 923 5561 passibilis
954 5498 1149 5566 fuerat,
1180 5503 1509 5559 intellexerit
1541 5522 1785 5573 passum;
1835 5514 2097 5567 conﬁtea-

513 5594 597 5636 tttr
638 5583 987 5641 nihilomins
1019 5590 1184 5657 ipsius
1222 5596 1378 5648 unius
1422 5595 1541 5650 Filii
1577 5598 1665 5652 Dei
1714 5598 1926 5655 Domini
1970 5603 2095 5657 Jesu

510 5678 709 5734 Christi
765 5679 896 5734 duos
927 5696 1047 5737 esse
1098 5695 1332 5745 naturas.
1382 5693 1464 5745 vel
1500 5692 1842 5749 substantias.
1880 5696 1940 5750 Et
1972 5714 2092 5753 cum

512 5771 717 5837 plenius
749 5772 861 5827 hinc
889 5789 985 5843 pro
1009 5776 1227 5832 modulo
1256 5780 1449 5848 ingenii
1477 5786 1554 5839 vel
1589 5784 1784 5863 eloquii
1815 5792 1894 5845 sui
1920 5791 2093 5847 incul-

1669 5960 1740 6003 ’ἢ

2213 4699 2376 4740 unum
2406 4683 2473 4739 de
2498 4684 2760 4739 Trinitate
2801 4697 3038 4752 passum,
3082 4684 3165 4738 vel
3205 4683 3426 4738 Mariam
3455 4684 3674 4754 proprie
3701 4698 3815 4739 ma-

2215 4784 2352 4830 trem
2381 4775 2476 4831 Dei
2506 4790 2626 4831 esse
2657 4777 2733 4831 sic
2774 4778 3064 4847 accipiens,
3111 4778 3384 4847 quomodo
3422 4779 3614 4833 dicitur
3655 4794 3688 4832 a
3720 4794 3812 4832 ca-

2216 4868 2463 4937 tholicis,
2493 4869 2702 4923 etiamsi
2739 4869 2898 4924 aliter
2929 4869 3042 4931 hoc~
3063 4867 3335 4926 afﬁrmare
3366 4872 3599 4925 nitantur
3626 4873 3817 4926 barro-

2216 4960 2329 5029 tiei,
2360 4960 2674 5018 doctoribus
2715 4963 3032 5018 orthodoxis
3062 4977 3220 5020 aures
3240 4964 3514 5035 simplices
3540 4965 3812 5035 praebeat.

2783 5118 3112 5174 EPISTULA
3154 5118 3239 5174 lV.

2592 5249 2658 5285 AD
2699 5247 2974 5287 LUCIN‘IUI
3013 5249 3410 5289 PRESBYTERCH.

2232 5363 2303 5417 De
2338 5366 2550 5418 essentia
2576 5363 2874 5434 Trinitatis,
2921 5378 2967 5420 et
3008 5369 3069 5422 de
3107 5368 3305 5422 duabus
3338 5366 3524 5423 Christi
3550 5370 3787 5423 naturis.

2285 5500 2335 5551 l.
2371 5498 2595 5553 Domino
2637 5500 2943 5555 beatissimo
2990 5501 3140 5556 fratri
3191 5502 3451 5573 Eugippio
3476 5503 3812 5576 presbytero

2212 5587 2512 5644 Ferrandus
2541 5590 2787 5660 exiguus,
2816 5593 2868 5646 in
2896 5592 3121 5648 Domino
3156 5595 3407 5649 salutem.

2275 5703 2913 5769 Chnrissinte.considera
2931 5710 3114 5778 quales
3134 5710 3388 5765 babeatvi
3399 5726 3491 5767 res
3502 5708 3569 5767 ab
3584 5711 3814 5770 Ariano

2205 5802 2403 5879 comite
2427 5817 2594 5863 nttpcl‘
2621 5804 2887 5869 Proposita
2912 5806 3151 5870 qttwstio.
3183 5806 3287 5862 Sed
3311 5807 3457 5875 prius
3485 5806 3675 5876 quibus
3712 5806 3802 5859 in-
