3998 6202
302 339 404 394 900

1486 346 1841 402 ειδιςτοιπε
1881 348 1966 402 ΕΤ
1998 344 2379 405 OPUSCULA.

3488 355 3591 411 910

304 468 459 509 ιντερ
486 456 767 510 sententiis
790 456 871 511 vel
886 456 1219 527 dogmatibus
1244 460 1766 519 Arianietcatholici
1791 466 1892 518 «Η-
1926 472 1966 524 Λ
2000 466 2288 521 humanam
2338 466 2691 522 substantiam
2737 481 2842 520 non
2886 466 3170 523 habentem
3214 469 3592 539 subsistentem

302 545 495 610 ferant,
515 546 896 601 deliberemus.
920 547 1102 603 Ariani
1130 550 1310 605 volunt
1332 552 1657 608 individuam
1674 554 1901 608 Trinita-

299 651 404 690 tem
422 636 741 705 praedicare,
755 640 893 691 sicut
908 637 1023 693 Scri
1033 647 1200 706 pturte
1217 641 1510 709 prtedicant
1523 658 1685 696 unum
1702 643 1872 697 Deum
1885 683 1896 694 .

298 726 558 781 Cazholici
593 742 718 781 vero
754 736 1019 798 praecepta
1062 729 1193 799 legis
1229 731 1520 788 salubriter
1568 734 1847 789 audientes
1883 754 1893 787 :

298 823 457 883 Audi,
507 820 694 884 Israel,
729 821 865 876 Deus
895 832 1032 886 tuus,
1070 822 1206 877 Deus
1234 842 1366 880 unus
1395 837 1467 879 est
1498 825 1679 898 (Deut.
1713 843 1784 891 Vl,
1815 829 1896 894 4),

300 930 367 968 ne
396 912 679 967 videantur
702 914 804 967 sub
828 914 988 968 unius
1021 914 1111 968 Dei
1148 915 1407 985 religione
1437 916 1598 971 fidem
1622 917 1898 973 Trinitatis

298 1004 612 1070 excindere,
647 1014 757 1059 tres
789 1020 1047 1074 personas
1065 1007 1223 1061 unius
1250 1007 1565 1065 substantiae
1598 1010 1895 1078 praedican-

298 1105 400 1159 tes,
434 1096 601 1165 ipsam
635 1096 957 1151 Trinitatem
989 1114 1149 1151 unum
1180 1098 1349 1153 Deum
1381 1100 1703 1167 simpliciter
1731 1100 1899 1153 conli-

252 1250 273 1265 __
296 1196 521 1251 tentur;
551 1196 605 1241 et
634 1187 700 1240 de
724 1189 871 1241 omni
896 1199 1075 1242 sancta
1111 1190 1370 1245 Trinitate
1393 1195 1667 1257 sapienter
1695 1191 1895 1247 dictum

274 1280 602 1349 :intelligunt
644 1281 847 1343 :Autfi,
883 1278 1069 1344 Israel,
1110 1281 1401 1344 Deustuus,
1442 1284 1578 1337 Deus
1623 1302 1756 1338 unus
1800 1295 1892 1339 est.

268 1350 505 1435 "Ariani,
542 1373 713 1427 Patris
744 1382 800 1429 et
832 1373 944 1428 Filii
965 1384 1018 1429 et
1046 1374 1280 1444 Spiritus
1302 1378 1470 1431 sancti
1506 1388 1614 1433 tres
1639 1378 1883 1433 Sttbstatt-

294 1464 399 1517 tias
418 1464 801 1533 pr:cdicant,et
819 1464 939 1519 ideo
963 1480 1147 1520 eorum
1171 1477 1485 1534 potestatem
1505 1468 1772 1535 dividunt,
1790 1470 1899 1527 uni-

294 1564 460 1608 tatem
494 1556 684 1620 vitant,
714 1557 1132 1611 immensitatem
1172 1558 1438 1623 minuunt,
1471 1568 1524 1613 et
1554 1576 1649 1627 per
1682 1575 1895 1617 errores

294 1645 487 1714 majori
525 1645 665 1700 Patri
705 1647 967 1702 minorem
1021 1647 1216 1702 Filiutn
1260 1648 1591 1717 subjiciunt;
1625 1649 1891 1704 minorem

292 1747 479 1791 autem
509 1736 642 1792 Filio
664 1736 919 1806 Spiritum
941 1746 1186 1793 sanctum
1208 1739 1411 1793 dicunt.
1435 1740 1701 1795 Catholici
1718 1756 1892 1796 econ-

2005 568 2424 627 tnanententque
2442 572 2745 628 personam,
2762 559 2813 613 in
2831 561 3086 615 unitatem
3104 576 3253 616 suum
3270 565 3591 632 suscipiens,

2003 649 2067 702 ad
2097 663 2155 704 se
2185 650 2386 706 laceret
2416 651 2687 720 pertinere
2713 668 2728 717 ;
2762 652 3019 721 ﬁeretque
3057 653 3309 723 deinceps
3340 656 3590 713 immani-

2006 752 2084 795 tas
2116 742 2204 796 illa
2234 743 2411 796 divina
2460 759 2580 814 qua:
2637 744 2728 798 Dei
2776 745 3049 814 coepisset,
3080 760 3150 799 ex
3184 762 3291 815 quo
3334 763 3454 803 esse
3485 760 3591 805 coe-

2004 834 2205 900 pisset,
2259 833 2457 890 habere
2512 851 2793 905 personam
2829 855 2843 889 :
2876 837 3126 892 divinitas
3180 838 3266 893 illa
3323 839 3591 905 humana,

2002 930 2251 995 quoniam
2306 930 2403 983 sibi
2440 931 2488 982 in
2520 930 2779 985 unitatem
2833 945 3077 1000 persona:
3106 932 3371 988 veraciter
3408 935 3596 988 Imma-

2004 1035 2125 1075 nam
2150 1022 2318 1075 voluit
2351 1012 2586 1078 adunare
2616 1032 2878 1078 naturam.

2070 1134 2124 1186 Δ.
2156 1133 2388 1187 Dicimus
2416 1149 2563 1203 ergo,
2595 1133 2744 1190 Unus
2766 1146 2845 1189 est
2870 1136 3136 1203 Christus,
3161 1154 3298 1191 unus
3324 1148 3405 1192 est
3431 1139 3591 1204 Deus,

2002 1226 2337 1293 hominisque
2371 1228 2507 1281 (ilius
2542 1243 2555 1291 ;
2603 1228 2653 1282 id
2686 1241 2786 1292 est,
2822 1247 2921 1283 una
2955 1242 3034 1285 est
3066 1232 3261 1286 Christi
3301 1233 3389 1287 Dei
3423 1235 3594 1287 homi-

2000 1316 2188 1384 nisque
2243 1331 2467 1382 lersona
2514 1335 2528 1369 :
2579 1334 2684 1373 non
2742 1330 2917 1376 tamen
2966 1323 3195 1376 dicimus
3254 1340 3411 1380 unam
3469 1334 3593 1381 esse

1996 1405 2195 1461 Christi
2241 1409 2331 1462 Dei
2367 1409 2991 1480 hominisqttenzturam.
3029 1414 3427 1472 Concordantes
3468 1435 3589 1472 eum

1997 1496 2254 1562 Apostolo
2304 1499 2518 1554 volente
2559 1501 2790 1569 probare
2823 1503 3083 1559 unitatem
3117 1521 3401 1574 personte:
3451 1508 3588 1562 Nam

1996 1590 2049 1641 in
2101 1606 2218 1656 quo,
2274 1590 2443 1659 inquit
2493 1592 2785 1649 Corinthiis
2810 1635 2824 1661 ,
2852 1595 3003 1663 quod
3031 1596 3235 1663 donari,
3261 1598 3305 1650 si
3337 1600 3461 1667 quid
3492 1599 3591 1652 do-

1997 1681 2136 1748 navi,
2170 1692 2377 1749 proptrr
2407 1697 2494 1736 vos
2538 1684 2591 1736 in
2636 1682 2854 1753 persona
2898 1684 3089 1740 Christi
3120 1684 3211 1756 (II
3238 1685 3357 1743 Cor.
3387 1706 3443 1753 Il,
3474 1689 3588 1758 10).

1996 1772 2245 1842 Nunquid
2290 1791 2396 1830 non
2443 1777 2634 1832 melius
2672 1793 2930 1847 personas
2961 1779 3187 1847 diceret,
3238 1782 3281 1836 si
3338 1783 3499 1838 vellet
3538 1784 3589 1839 in

294 1829 461 1940 ""3?
491 1827 662 1882 Deum
704 1828 942 1940 Apim?"
981 1830 1396 1940 "sun‘lnnli‘fm:
1431 1830 1594 1886 “cum
1619 1831 1883 1940 spirit?"
1922 1840 1965 1897 Β
1996 1827 2209 1921 Christo
2232 1871 2365 1923 duas
2392 1827 2697 1940 significare
2719 1872 3081 1927 substantias?
3106 1827 3426 1931 Evidentem
3441 1876 3591 1931 sinti-

294 1930 567 1985 sanctutn,
614 1937 681 1975 ne
704 1930 812 1975 tres
844 1922 982 1977 Deos
1010 1923 1261 1993 gentibus
1298 1924 1549 1979 inducere
1581 1927 1890 1992 videantur,

294 2013 454 2066 unius
476 2026 597 2067 esse
622 2012 781 2067 bono:
799 2012 865 2079 is,
895 2014 1096 2084 gleriae,
1123 2016 1522 2083 magnitudinis,
1548 2019 1889 2086 :eternitatis,

293 2102 607 2169 divinitatis,
645 2103 987 2172 atqualitatis,
1023 2105 1277 2160 essentia:
1317 2104 1676 2169 confitentur;
1709 2115 1763 2160 et
1796 2124 1889 2159 tte-

292 2195 427 2249 mini
475 2196 706 2251 alterum
739 2211 1052 2265 praeponere
1099 2198 1395 2267 cupientes,
1429 2198 1495 2253 de
1524 2200 1678 2253 Patre
1712 2209 1890 2255 tamen

296 2286 489 2341 Filium
536 2298 741 2353 natum,
794 2287 861 2342 de
904 2288 1058 2344 Patre
1104 2298 1157 2345 et
1188 2288 1319 2344 Filio
1361 2290 1614 2359 Spiritum
1649 2300 1889 2345 sanctum

298 2377 594 2445 procedere
618 2378 877 2431 sentiunt.

366 2490 421 2544 2.
441 2490 674 2546 Arianos
690 2492 737 2547 si
761 2492 1093 2562 interrogare
1118 2494 1347 2550 volueris
1373 2482 1512 2551 unde
1536 2497 1605 2550 sit
1624 2496 1813 2563 Filius,
1835 2498 1897 2552 ti-

296 2593 447 2636 ment
472 2583 675 2649 dicere,
707 2584 774 2639 de
806 2584 977 2640 Patris
1016 2588 1248 2642 essentia
1282 2606 1293 2640 :
1328 2603 1394 2644 ne
1423 2588 1689 2659 gignentis
1720 2600 1775 2645 et
1802 2607 1893 2660 ge~

296 2674 392 2726 niti
423 2673 676 2742 probetur
698 2689 800 2729 una
825 2675 1105 2743 divinitas,
1139 2685 1190 2731 et
1216 2677 1561 2733 conﬁrmetur
1590 2681 1887 2750 aequalitas.

296 2765 511 2820 Timent
549 2781 735 2821 rursus
762 2782 825 2822 ex
860 2767 1025 2822 nihilo
1056 2778 1239 2823 natum
1291 2769 1480 2825 Filium
1536 2772 1789 2840 protiteri,
1826 2790 1892 2827 ne

294 2858 522 2912 tlreator
552 2858 818 2927 accipiens
840 2860 1099 2929 originem
1126 2861 1357 2915 similem
1385 2864 1671 2928 creaturis,
1708 2865 1890 2933 unige-

296 2951 393 3003 ιι.ιέ
451 2950 726 3019 privilegio
760 2954 1049 3021 spoliatus,
1098 2956 1283 3022 perdat
1331 2955 1557 3023 gloriam
1609 2958 1887 3011 creatoris.

301 3044 532 3098 Aliunde
564 3059 692 3098 vero
724 3044 913 3099 Filium
956 3057 1161 3109 natum,
1190 3046 1241 3100 id
1267 3059 1371 3110 est,
1396 3065 1459 3101 es
1492 3049 1665 3119 aliqua
1712 3049 1894 3120 sulvja-

294 3143 453 3188 inmte
482 3137 730 3199 materia,
761 3137 925 3190 multo
949 3137 1178 3204 amplius
1201 3137 1391 3191 timent
1427 3149 1703 3207 astruere;
1729 3156 1795 3196 ne
1816 3141 1887 3194 vi—

1998 1958 2116 2013 liter
2154 1959 2414 2016 adhibens
2463 1962 2819 2017 dili'erentiatn
2866 1964 3286 2022 snh~tantiarum
3319 1968 3446 2024 dicit
3485 1969 3592 2025 alio

1997 2052 2112 2106 loco
2147 2069 2160 2105 :
2197 2052 2307 2107 Etsi
2332 2056 2614 2124 cruciﬁxus
2646 2068 2745 2124 ut,
2775 2075 2838 2111 ea:
2861 2061 3157 2127 inﬁrmitate
3185 2065 3464 2133 cruci/itus
3494 2078 3588 2130 est,

1994 2143 2084 2195 sed
2112 2144 2232 2195 vivit
2258 2160 2321 2197 ea:
2346 2145 2527 2198 uirtute
2550 2144 2647 2199 Dei
2688 2144 2779 2215 (II
2800 2147 2921 2202 Cor.
2956 2167 3071 2215 xm,
3104 2151 3180 2219 4).
3207 2153 3452 2224 quuid
3483 2166 3588 2211 non

1996 2232 2109 2301 ipse
2148 2234 2436 2291 cruciﬁxus
2464 2247 2548 2292 est
2579 2240 2667 2308 qui
2712 2241 2838 2293 vivit
2862 2239 2884 2294 τ
2912 2252 2965 2296 et
3002 2251 3177 2297 tamen
3209 2247 3296 2315 qni
3328 2261 3393 2302 ex
3437 2248 3587 2303 iniit--

1997 2326 2182 2381 mitate
2226 2328 2517 2385 crucifixus
2547 2337 2651 2394 est,
2676 2346 2741 2386 ex
2776 2334 2969 2389 virtute
3011 2334 3103 2390 Dei
3143 2338 3287 2392 vivit.
3326 2337 3476 2397 Unde
3520 2344 3587 2398 ad

1999 2432 2238 2472 amorem
2290 2418 2923 2493 commendationemquc
2978 2442 3224 2494 persona:
3276 2432 3455 2496 unius,
3507 2436 3586 2487 sic

1996 2524 2136 2562 unus
2173 2510 2424 2565 Christus
2451 2514 2793 2583 prtedicatnr,
2819 2528 2872 2570 ιιι
2906 2517 3193 2590 aliquando
3222 2540 3324 2577 una
3355 2526 3472 2594 ejus
3503 2528 3584 2584 Vt‘l

1997 2599 2225 2654 humana
2252 2613 2439 2657 natura
2473 2606 2552 2657 vel
2578 2604 2754 2659 di~ina
2785 2622 3257 2679 commemoretur,
3288 2627 3340 2671 et
3362 2626 3585 2689 utraque

1996 2699 2173 2745 tamen
2220 2693 2549 2764 intelligatur
2589 2713 2604 2749 :
2650 2700 2899 2765 quoniam
2957 2701 3093 2757 inest
3137 2706 3335 2774 unitas,
3394 2718 3451 2764 ut
3496 2712 3585 2781 qui

2000 2795 2157 2835 unam
2185 2785 2446 2849 nominet,
2471 2788 2659 2842 ambas
2684 2789 2968 2859 signiticet.
3008 2792 3232 2865 Propter
3257 2802 3399 2868 quod
3444 2804 3585 2872 Apo-

1996 2873 2167 2927 stolus
2192 2875 2358 2930 solam
2391 2878 2775 2935 humanitatem
2808 2884 2994 2954 tangit,
3035 2887 3098 2940 ad
3133 2882 3470 2948 Timotheum
3498 2896 3583 2949 di-

1994 2979 2123 3019 cens
2154 2985 2165 3018 :
2199 2967 2344 3023 Unus
2365 2982 2435 3023 est
2464 2970 2622 3035 Deus,
2660 2990 2791 3029 unus
2823 2978 3070 3031 mediator
3099 2979 3192 3035 Dei
3220 2994 3265 3035 et
3295 2983 3580 3051 hominum,

1997 3062 2145 3115 homo
2177 3063 2413 3119 Christus
2439 3065 2591 3121 Iesus
2615 3066 2669 3139 (Ι
2702 3069 2833 3124 Tim.
2860 3086 2914 3138 ιι,
2943 3071 3021 3144 5).
3049 3074 3122 3129 De
3151 3076 3428 3134 divinitate
3459 3080 3583 3135 dicit

1996 3157 2061 3209 ad
2110 3158 2416 3213 Corinzhios
2450 3176 2464 3213 :
2498 3160 2636 3215 Nam
2686 3164 2780 3217 etsi
2821 3172 2938 3217 sunt
2969 3168 3056 3232 qui
3087 3162 3327 3224 dicantur
3376 3172 3447 3225 dii
3493 3176 3584 3241 (κίοι

294 3226 485 3280 deatur
513 3227 765 3296 qualibet
800 3244 887 3283 res
914 3240 1037 3283 ante
1067 3246 1187 3285 eum
1221 3231 1405 3303 fuisse,
1441 3248 1536 3301 per
1553 3249 1710 3303 quem
1743 3237 1877 3289 facta
1912 3219 1956 3279 Ο
1988 3248 2192 3315 quidem
2215 3259 2331 3302 sunt
2362 3251 2553 3318 multi),
2583 3254 2725 3306 nobis
2748 3265 2913 3309 tamen
2938 3274 3069 3311 unus
3099 3256 3235 3314 Deus
3259 3278 3320 3315 ex
3342 3280 3442 3331 quo
3468 3219 3579 3316 o‘m-

294 3329 422 3372 sunt
470 3319 671 3372 omnia.
722 3320 939 3375 Talibus
996 3323 1269 3377 erroribus
1321 3326 1650 3394 respondent
1698 3328 1885 3380 catho-

293 3412 384 3467 lici
418 3429 430 3465 :
464 3410 677 3467 Credite
705 3416 826 3482 quia
878 3423 1035 3468 natus
1075 3425 1155 3468 est
1198 3416 1265 3471 de
1299 3417 1471 3471 Patris
1515 3419 1747 3473 essentia
1780 3437 1792 3472 :
1839 3421 1884 3471 si

294 3504 524 3572 negatis,
571 3503 731 3559 dicite
764 3507 903 3561 unde
942 3508 1027 3561 sit.
1063 3507 1252 3562 Dicunt
1295 3510 1456 3563 etiam
1500 3511 1758 3567 minorem
1795 3512 1883 3566 Fi-

294 3598 451 3664 lium,
495 3600 616 3667 quia
648 3609 842 3669 negant
894 3614 1014 3655 esse
1044 3602 1325 3667 acqmlem.
1363 3602 1619 3658 Catholici
1648 3619 1776 3660 vero
1807 3605 1883 3659 di-

292 3701 428 3744 cunt
458 3706 578 3745 eum
604 3692 898 3746 secundum
925 3693 1256 3747 divinitatem
1287 3696 1565 3763 a-qualem,
1590 3696 1881 3751 secundum

292 3784 680 3839 humanitatem
711 3794 889 3839 autem
921 3785 1205 3840 minorem.
1236 3784 1302 3839 Αἰ
1324 3785 1534 3853 malitas
1556 3786 1673 3855 ejus
1694 3802 1883 3842 secun-

290 3875 420 3930 dum
446 3876 778 3932 divinitatem
810 3893 912 3932 non
942 3879 1101 3933 habet
1129 3879 1358 3946 initium;
1393 3889 1760 3936 verumtamen
1786 3898 1885 3937 nec

288 3968 571 4034 aequalitas
587 3982 903 4038 competens
923 3969 1212 4036 divinitati,
1234 3985 1330 4024 nec
1347 3971 1631 4026 minoratio
1649 3987 1883 4043 congrua

288 4060 439 4112 carni
475 4059 636 4113 habet
676 4067 855 4114 tinem.
886 4060 1014 4116 Sive
1045 4077 1171 4131 ergo
1201 4060 1496 4117 secundum
1538 4078 1755 4118 carnem
1789 4067 1886 4118 ini-

288 4167 414 4215 nor,
438 4156 731 4207 secundum
756 4154 1091 4210 divinitatem
1132 4156 1341 4211 dicatur
1369 4157 1612 4227 aequalis,
1635 4158 1775 4213 idetn
1800 4172 1882 4215 at-

286 4259 394 4313 que
428 4261 563 4299 unus
591 4258 674 4301 ενι
703 4246 976 4314 Christus,
1011 4264 1135 4305 vere
1167 4251 1329 4305 Filius
1364 4251 1479 4319 Dei,
1510 4263 1563 4306 et
1593 4268 1719 4308 vere
1747 4254 1884 4309 titius

288 4337 544 4390 hominis.
566 4335 812 4408 Eqnalis
833 4340 976 4394 enim
1002 4356 1356 4409 perseverans
1379 4343 1544 4397 factus
1567 4354 1650 4398 est
1675 4346 1880 4400 minor:

286 4428 467 4481 minor
489 4428 678 4494 factus,
710 4434 1000 4499 permansit
1022 4432 1257 4503 aequalis.
1292 4436 1355 4487 ﬁt
1382 4435 1500 4489 ideo
1520 4444 1659 4489 totus
1686 4436 1881 4502 minor,

286 4528 432 4572 totus
461 4521 684 4589 a'qttalis
709 4540 718 4573 :
749 4523 870 4591 quia
891 4533 1135 4578 servatur
1158 4524 1207 4577 in
1230 4539 1297 4579 eo
1325 4535 1549 4593 utraque
1582 4535 1793 4592 natura,
1827 4539 1882 4582 et

1989 3342 2097 3407 nia,
2133 3353 2177 3393 et
2204 3358 2334 3395 unus
2367 3342 2615 3399 Dominus
2647 3344 2796 3400 Jesus
2836 3346 3073 3405 Christus
3096 3368 3184 3420 per
3211 3369 3357 3422 quem
3405 3358 3580 3410 omnia

1990 3431 2039 3502 (Ι
2076 3432 2194 3486 Cor.
2222 3450 2336 3502 vnt,
2360 3436 2437 3504 5).
2460 3466 2528 3476 ——
2559 3439 3011 3517 Desuntreliqua.

2559 3608 2887 3669 EPISTULA
2933 3616 2995 3669 V.
3042 3634 3051 3641 ·

2052 3786 2116 3824 Αἰ)
2142 3784 2382 3825 sensuum
2414 3784 2801 3827 εειιοωετιοωι
2831 3785 3513 3831 εοιιιετλκτιδυιιοιιηιιωι.

1994 3926 2142 3993 Quod
2170 3925 2413 3979 Domfttus
2446 3934 2610 3979 noster
2639 3926 2792 3980 Jesns
2821 3925 3049 3993 Christus
3076 3928 3139 3981 sit
3168 3944 3298 3985 unus
3320 3929 3385 3984 de
3406 3940 3577 3984 sancte

2484 4006 2531 4049 et
2557 3997 2819 4050 individua
2847 3995 3116 4052 Trinitttte.

2064 4171 2113 4224 t.
2149 4170 2457 4239 “agnorum
2492 4172 2728 4225 virorum
2764 4170 2890 4225 mihi
2938 4170 3206 4243 negotium
3238 4168 3449 4231 conaris
3482 4160 3589 4249 atl-L

1986 4260 2229 4330 jnngcrc,
2258 4272 2474 4330 propter
2495 4277 2587 4316 eos
2609 4263 2695 4331 qui
2723 4261 2885 4316 Deum
2909 4262 3146 4318 noStrum
3171 4257 3350 4319 Jesum
3378 4277 3574 4336 negant

1992 4369 2153 4406 unum
2182 4368 2303 4408 es=e
2329 4354 2396 4408 de
2427 4362 2608 4408 sancta
2632 4365 2681 4407 et
2711 4354 2984 4409 individua
3006 4355 3287 4421 Trinitate,
3311 4358 3435 4428 quid
3458 4374 3575 4415 sett-

1994 4446 2121 4499 tiam
2151 4446 2451 4500 delectatus
2479 4446 2684 4501 audire.
2718 4446 2821 4503 Sed
2852 4447 2978 4513 hoc,
3007 4446 3198 4515 fateor,
3245 4446 3442 4521 ingenii
3473 4454 3576 4507 mei

1997 4537 2254 4606 pusillltts
2268 4548 2351 4593 aut
2377 4539 2422 4590 vi
2435 4556 2457 4590 ι
2476 4539 2634 4605 valet,
2652 4550 2740 4592 aut
2760 4553 3033 4596 assumere
3048 4543 3265 4596 omnino
3278 4558 3383 4597 non
3396 4544 3574 4599 audet.

282 4626 446 4679 quam
495 4611 708 4675 habuit,
741 4624 794 4668 et
821 4630 976 4683 quam
1019 4617 1309 4685 assumpsit
1334 4631 1399 4670 ex
1428 4629 1620 4671 matre.
1673 4619 1826 4688 Alioq
1852 4624 1881 4673 ll

1995 4638 2117 4705 Quis
2135 4638 2273 4693 enim
2291 4651 2409 4706 ego,
2432 4646 2519 4690 aut
2536 4635 2705 4706 qualis
2723 4652 2845 4705 ego,
2864 4638 2945 4691 cui
2965 4637 3201 4692 lict'atdc
3224 4631 3400 4693 dubiis
3417 4638 3575 4693 rebus

279 4704 327 4757 si
377 4718 479 4757 una
526 4705 577 4757 in
617 4705 829 4759 Christo
882 4718 933 4761 et
977 4724 1204 4776 persona
1259 4704 1514 4764 existeret
1559 4721 1610 4763 et
1666 4723 1871 4776 natura,

279 4809 388 4848 non
417 4806 600 4863 posset
622 4812 755 4851 unus
782 4797 1027 4852 Christus
1054 4800 1140 4852 uni
1170 4798 1311 4855 Patri
1334 4811 1390 4855 et
1419 4801 1592 4855 minor
1613 4812 1666 4856 et
1697 4816 1873 4872 mquuo

281 4885 345 4939 its
370 4886 501 4941 dici.

348 4999 402 5052 5.
434 4998 670 5054 Dicimus
704 5000 865 5054 etiam
898 5000 965 5054 de
1003 4997 1218 5055 Christo
1269 5002 1406 5070 quod
1440 5017 1567 5058 vere
1611 5020 1744 5058 unus
1790 5017 1869 5057 est

272 5096 549 5151 Christus.
580 5096 922 5164 Sapientibus
969 5104 1144 5149 tamen
1200 5097 1489 5163 meutibm,
1538 5097 1747 5163 quoties
1782 5114 1873 5149 au-

274 5192 464 5249 t'mnt,
512 5187 657 5240 Unus
711 5196 796 5240 est
843 5184 1123 5252 Christus,
1165 5187 1400 5256 cogitare
1441 5189 1689 5241 convenit
1742 5203 1872 5255 quo-

271 5277 439 5330 modo
475 5278 541 5329 sit
571 5292 745 5343 unus;
781 5290 958 5329 utrum
992 5293 1152 5330 unam
1189 5278 1434 5331 habendo
1465 5293 1773 5347 personam,
1807 5294 1872 5330 an

272 5387 436 5423 unam
476 5382 743 5424 natur.nn.
776 5370 829 5425 Si
865 5387 967 5422 non
1011 5379 1181 5438 poteSt
1209 5370 1312 5422 dici
1340 5385 1440 5422 una
1465 5388 1494 5421 n
1542 5368 1739 5421 habere
1773 5384 1867 5422 na-

273 5476 448 5515 turam
479 5478 635 5531 quem
666 5464 966 5531 suscepisse
984 5463 1207 5516 alterum
1228 5463 1471 5523 dicimus,
1494 5470 1671 5529 potest
1692 5476 1869 5515 tamen

271 5556 379 5608 dici
401 5569 559 5607 unam
584 5556 779 5608 habere
799 5572 1102 5623 personam,
1122 5558 1367 5623 quoniam
1390 5569 1617 5623 persona
1636 5554 1719 5605 illa
1743 5568 1874 5607 scm-

270 5663 371 5715 ter
401 5662 625 5702 manens
666 5657 870 5702 naturae
908 5663 1124 5718 semper
1156 5649 1422 5701 manentis
1466 5648 1533 5701 ita
1567 5646 1870 5701 mirabilem

271 5752 459 5811 postea
489 5752 730 5796 naturam
782 5741 894 5795 εἰη-ι
929 5757 1149 5812 ῃιιέτῖιιη
1182 5742 1482 5795 voluntar'e
1530 5743 1782 5807 sus<'e;'it,
1814 5750 1869 5793 ut

1987 4740 2239 4782 s=atutam
2275 4730 2514 4795 proferre
2537 4728 2876 4794 sententiam,
2917 4744 3192 4799 novosque
3221 4744 3498 4787 sermones
3524 4731 3573 4782 iu

1985 4819 2265 4875 electionis
2294 4821 2633 4887 anetoritate,
2663 4828 2837 4874 utrum
2870 4821 3065 4888 suscipi
3097 4822 3350 4886 debeant,
3386 4834 3589 4887 receng

1985 4912 2206 4966 tioribus
2235 4912 2459 4965 delinire
2490 4912 2858 4980 tett’tporibus?
2904 4911 3114 4967 Utinam
3151 4908 3277 4965 tttilti
3311 4911 3413 4966 [ide
3444 4910 3571 4965 siut-

1983 5005 2126 5069 péici,
2174 5016 2330 5068 quon
2363 5003 2621 5055 Catholica
2667 5018 2763 5072 per
2792 5003 3098 5057 universam
3134 5001 3385 5054 tnnndum
3416 5000 3572 5056 docet

1981 5094 2237 5157 Ecl-lesia,
2271 5095 2347 5148 sic
2375 5094 2535 5148 donet
2571 5096 2708 5150 Dvus
2731 5110 2848 5149 e-‘sc
2878 5104 3210 5159 confeututn,
3247 5102 3303 5147 ιιι
3326 5098 3490 5157 omni,
3525 5096 3567 5145 si

1981 5188 2090 5239 ﬁeri
2122 5196 2313 5254 poteSt,
2350 5187 2504 5256 hujus
2535 5187 2581 5240 vi
2610 5203 2655 5240 ω
2686 5186 3006 5239 miserabilis
3052 5192 3292 5252 tetnpore
3335 5187 3562 5239 orationi

1952 5290 2024 5332 ‘Ct
2072 5276 2293 5347 jt‘jllﬂils
2342 5293 2556 5338 vacans,
2604 5277 2848 5347 plangam
2896 5290 3014 5327 cum
3066 5274 3271 5343 pusiilis
3320 5274 3570 5331 fratribus

1982 5385 2115 5425 mes
2162 5370 2350 5424 delicta
2388 5370 2547 5422 multa
2593 5379 2645 5422 et
2681 5368 2882 5439 gravia,
2934 5362 3047 5422 sive
3098 5384 3215 5437 quze
3255 5366 3363 5437 jam
3415 5369 3571 5423 doleo

1982 5465 2288 5529 commissa,
2316 5461 2428 5515 sive
2459 5475 2577 5528 qua:
2610 5460 2782 5513 adhuc
2811 5474 2977 5527 cogor
2997 5474 3062 5514 ex
3084 5459 3257 5515 carnis
3285 5458 3569 5530 fragilitate

1983 5554 2357 5608 cotnntittere!
2414 5555 2630 5607 Beatum
2688 5568 2772 5606 me
2819 5550 3055 5620 profecto
3098 5563 3151 5605 tu
3177 5568 3223 5607 tc
3268 5553 3567 5622 a-SIitnabo,

1983 5648 2194 5718 quando
2222 5647 2423 5715 positus
2456 5648 2505 5701 itt
2538 5647 2754 5701 silentio
2783 5646 3112 5713 monasterii,
3144 5647 3293 5701 illum
3323 5647 3562 5701 versicu-

1987 5742 2091 5795 lum
2124 5739 2310 5809 psahni
2356 5754 2447 5808 per
2492 5750 2757 5795 momenta
2805 5750 3135 5797 cantavero:
3187 5739 3351 5795 Diri:
3381 5741 3568 5795 Custo-
