4012 6194
437 265 531 322 9H
1326 258 1694 316 FULGENTH
1737 259 2085 316 FERR.\NDI
2136 258 2402 314 DYACONI
2443 256 2790 314 CARTIIAG.

3618 258 3721 310 912

433 381 702 447 diamviaa
722 394 876 447 ineas,
906 383 959 431 u‘t
980 392 1079 430 non
1104 374 1398 445 ddinquam
1425 375 1475 428 in
1506 374 1683 446 lingua
1710 389 1817 427 mea
1846 371 2019 444 (Psal.
2050 378 2102 436 Λ
2130 374 2211 428 rio
2234 373 2392 429 Arius
2420 384 2639 445 propter
2664 381 2770 427 tres
2795 384 3073 441 personas,
3105 378 3213 425 tres
3241 367 3410 424 voluit
3431 368 3724 438 pmdicare

438 488 662 537 axmu,
698 471 769 543 f).
804 467 1111 538 Loquantur
1141 474 1194 521 et
1220 465 1508 536 przedicent
1532 465 1725 536 quibus
1750 465 1921 519 honor
1945 478 2029 519 sa-

438 563 660 620 cerdotii
688 558 916 617 docendi
934 557 1307 614 auctoritatem
1334 558 1557 623 tribuit;
1593 572 1691 611 nos
1706 556 1915 612 discere
1935 569 2020 625 pa-

436 654 540 711 rati
571 667 792 719 sumus;
821 652 1015 708 docere
1036 648 1177 706 alios
1204 664 1309 704 non
1331 649 1732 719 praesumimus.
1758 647 2029 716 Interrogi

437 747 619 816 igitur,
634 744 716 800 vir
730 744 1163 815 prudentissime,
1183 741 1225 798 si
1244 741 1371 812 quid
1391 740 1628 797 veritatis
1652 741 1805 806 cupis
1821 739 2028 801 audire,

418 838 806 911 principaliter
840 835 1149 907 apostolicae
1189 835 1335 890 sedis
1372 833 1690 896 antistitem,
1719 830 1871 900 cujus
1902 842 2033 884 sana

434 930 680 986 doetrina
719 936 928 985 constat
954 927 1157 998 judicio
1202 927 1468 993 veritatis,
1502 935 1557 980 et
1597 924 1815 978 fulcitur
1858 921 2032 976 muni-

437 1024 583 1078 mine
612 1022 966 1078 auctoritatis.
984 1021 1257 1092 Interroga
1283 1020 1539 1091 plurimos
1564 1033 1658 1090 per
1682 1018 1893 1074 diversa
1925 1027 2033 1071 ter—

438 1129 620 1170 rarum
637 1114 753 1171 loca
774 1113 1077 1184 pontiﬁces,
1103 1112 1297 1185 quibus
1315 1111 1537 1168 scientia
1562 1111 1862 1165 caelestium
1892 1124 2033 1177 pra:-

438 1215 714 1276 ceptorum
767 1204 1023 1260 divinitus
1068 1205 1350 1276 inspirata,
1397 1205 1590 1257 famam
1644 1202 1899 1273 grandem
1950 1199 2033 1254 sui

438 1314 560 1353 cum
593 1298 937 1355 veneratione
967 1298 1207 1369 collegit.
1241 1298 1376 1353 Istos
1409 1295 1525 1351 sine
1555 1295 1716 1350 dubio
1747 1306 1800 1346 et
1826 1293 1891 1345 ad
1925 1294 2028 1347 dis-

438 1390 730 1460 putandum
760 1390 1002 1456 idoneos,
1039 1402 1083 1444 et
1112 1390 1178 1444 ad
1211 1389 1543 1445 suadendum
1578 1386 1839 1456 frequenti
1871 1400 2032 1440 exer-

439 1484 692 1537 citatione
741 1492 977 1553 paratos,
1013 1499 1111 1537 nec
1142 1482 1533 1553 vituperabat-is
1578 1481 1622 1534 si
1652 1479 1901 1535 consulas
1940 1478 2034 1532 ad-

440 1574 545 1630 huc
575 1575 849 1639 incertus;
880 1583 934 1627 et
965 1572 1198 1627 laudaris
1231 1581 1255 1610 ⁸
1296 1573 1340 1628 si
1377 1571 1619 1642 sequaris
1648 1570 1908 1629 veraciter
1937 1569 2035 1623 do-

440 1672 578 1718 ctus.
613 1665 657 1718 A
690 1680 775 1718 me
803 1672 980 1718 autem
1018 1664 1094 1719 sic
1123 1673 1312 1732 expete
1354 1662 1592 1717 debitum
1638 1660 1932 1723 charitatis,
1967 1672 2034 1713 ne

441 1756 714 1811 iicurrcre
744 1756 969 1811 suadeas
997 1756 1204 1825 culpam
1240 1755 1575 1810 temeritatis.

511 1846 566 1901 2.
586 1848 795 1905 Sufﬁcit
820 1847 971 1914 mihi,
990 1859 1209 1918 prepter
1226 1847 1365 1902 bea'i
1389 1846 1531 1905 Petri
1556 1845 1889 1901 manifestam
1912 1856 2036 1899 sen-

441 1940 684 2006 tentiam,
730 1955 849 2009 qute
894 1938 1142 1995 ﬁdelibus
1172 1939 1379 1993 cunctis
1405 1937 1729 2008 generaliter
1761 1936 2033 2005 loquitur:

444 2028 626 2084 Parati
670 2032 737 2083 ad
784 2032 1197 2102 respondendum
1228 2033 1363 2085 omni
1394 2031 1621 2100 poscenti
1664 2045 1749 2083 vos
1788 2029 2037 2082 rationem

440 2122 501 2174 de
529 2123 633 2191 [ide
658 2132 704 2177 et
725 2140 814 2192 spe
834 2139 951 2194 quin
980 2125 1032 2177 in
1062 2123 1199 2178 vobis
1224 2134 1294 2177 est
1319 2122 1367 2193 (Ι
1407 2121 1549 2177 Petr.
1585 2138 1662 2188 tu,
1692 2122 1814 2193 t5);
1846 2122 2036 2177 scisci-

441 2214 572 2267 tanti
620 2216 888 2283 quomndo
942 2216 1247 2284 credamus,
1293 2215 1434 2269 illico
1489 2213 1867 2282 respondere:
1908 2210 2035 2268 Cre-

438 2305 568 2360 ilere
594 2320 689 2359 nos
718 2307 770 2360 iu
806 2322 967 2360 uuutn
1004 2306 1166 2360 Deum
1194 2307 1424 2370 Patrem,
1459 2314 1513 2359 et
1538 2303 1754 2368 Filium,
1780 2313 1835 2357 et
1866 2302 2033 2372 Spiri-

442 2408 554 2452 tum
589 2408 856 2465 sanctum,
906 2397 1119 2452 Patrem
1152 2413 1179 2451 a
1226 2399 1375 2453 nullo
1412 2397 1674 2468 genitum,
1725 2396 1922 2449 Filium
1971 2393 2040 2449 de

444 2490 602 2543 Patre
633 2486 988 2557 unigenitum.
1011 2488 1278 2555 Spiritum
1314 2499 1556 2545 sanctum
1599 2486 1666 2541 de
1708 2486 1865 2541 Patre
1896 2485 2043 2556 inge-

444 2584 552 2635 nito
583 2591 636 2635 et
679 2581 815 2636 Filio
862 2582 1139 2651 unigenito
1170 2597 1382 2653 semper
1420 2581 1840 2650 procedentem;
1873 2581 1942 2634 ita
1986 2586 2045 2632 ut

444 2672 541 2727 hac
566 2672 721 2727 beata
749 2671 1028 2739 Trinitate,
1057 2687 1215 2743 quam
1260 2688 1420 2727 unum
1452 2672 1685 2727 diximus
1714 2671 1902 2737 Deum,
1944 2670 2043 2725 Pa-

445 2771 528 2818 ter
558 2779 664 2818 non
696 2763 767 2818 sit
793 2762 961 2819 Filius
990 2772 1084 2817 aut
1136 2764 1367 2834 Spiritus
1410 2772 1658 2829 sanctus,
1696 2762 1862 2817 Filius
1908 2778 2043 2817 nun-

441 2870 601 2926 quam
634 2856 704 2911 sit
735 2854 892 2911 Pater
922 2866 1014 2911 aut
1040 2857 1272 2929 Spiritus
1298 2867 1539 2924 sanctus,
1567 2856 1799 2925 Spiritus
1823 2868 2044 2911 sanctus

449 2964 547 3003 nec
579 2949 734 3005 Pater
763 2951 831 3004 sit
859 2950 1169 3021 aliquando,
1204 2966 1303 3006 nec
1333 2950 1519 3017 Filius,
1561 2951 1657 3006 sed
1692 2951 1847 3006 Pater
1879 2950 2045 3005 solius

450 3041 569 3096 Filii
596 3042 751 3097 Pater
782 3045 872 3110 sit,
902 3057 957 3100 ut
985 3045 1151 3100 Filius
1182 3044 1351 3099 solius
1383 3044 1554 3097 Patris
1588 3044 1778 3113 Filius,
1810 3042 2038 3112 Spiritus

2131 464 2481 520 substantias.
2510 463 2814 535 Apostolii-a
2863 477 2994 517 sane
3044 461 3280 517 Ecclesia
3328 470 3441 517 tres
3467 477 3724 532 personas
3817 448 3831 467 ’

2134 567 2322 611 contra
2361 555 2651 611 Sabellium
2685 570 2995 620 numerans,
3027 570 3189 609 unam
3217 570 3345 608 vero
3372 554 3724 610 substantiam

2132 648 2215 703 vel
2255 651 2547 704 essentiam
2593 657 2781 704 contra
2815 648 3001 703 Arium
3038 647 3341 713 vindicans,
3392 649 3463 703 ita
3522 647 3724 703 dictum

2133 738 2233 793 sibi
2266 740 2505 796 meminit
2533 741 2726 809 :Audi,
2754 738 2940 806 Israel,
2976 738 3229 795 Dominus
3252 739 3395 795 Deus
3421 752 3560 809 tatus,
3588 741 3726 796 Deus

2133 846 2268 885 unus
2294 840 2368 884 est
2398 830 2578 903 (Deut.
2616 848 2688 899 vr,
2723 831 2813 904 b);
2839 842 2897 886 ut
2928 832 3013 886 hic
3043 848 3179 886 unus
3223 832 3366 887 Deus
3397 847 3511 888 non
3533 833 3606 888 sit
3645 847 3725 888 so-

2135 923 2363 989 litarius,
2389 924 2483 980 sed
2515 924 2773 993 Trinitas,
2805 923 2963 980 Pater
2984 924 3210 989 scilicet,
3260 924 3448 992 Filius,
3490 936 3546 982 et
3563 926 3725 996 Spiri-

2135 1023 2217 1068 tus
2252 1025 2488 1070 sanctus.
2521 1017 2634 1081 Qua
2664 1017 3002 1071 confessione
3036 1018 3274 1086 prmlata,
3327 1033 3576 1087 magnum
3610 1021 3716 1089 pie-

2138 1108 2260 1163 tatis
2294 1118 2349 1163 et
2380 1109 2622 1164 mirabile
2654 1119 3050 1165 sacramentum
3085 1109 3139 1180 (Ι
3165 1110 3302 1165 Tim.
3334 1126 3412 1176 tu,
3441 1112 3559 1178 ib‘),
3587 1114 3722 1180 quod

2136 1201 2529 1256 manifestatum
2552 1210 2633 1255 est
2656 1203 2705 1255 in
2732 1217 2915 1266 carne,
2942 1202 3292 1271 just‘ﬁcatum
3319 1204 3476 1257 estin
3500 1204 3719 1273 Spiiitu,

2137 1296 2382 1363 apparuit
2430 1295 2658 1364 angelis,
2688 1295 3037 1365 pradicatum
3068 1309 3153 1351 est
3200 1296 3255 1351 in
3300 1298 3569 1367 gentibus,
3612 1313 3722 1353 erc-

2137 1384 2301 1438 ditum
2324 1394 2406 1438 est
2438 1387 2489 1438 iu
2522 1385 2742 1453 mundo,
2761 1396 3096 1455 assumptum
3129 1397 3214 1441 est
3242 1387 3294 1441 in
3325 1387 3518 1457 gloria,
3539 1388 3719 1442 subse-

2137 1476 2320 1546 quenti
2359 1480 2700 1532 veneratione
2731 1478 3047 1546 pandentes,
3100 1477 3172 1533 ita
3216 1494 3315 1548 pro
3360 1480 3723 1547 redemptione

2139 1566 2357 1622 humani
2403 1570 2616 1637 generis
2647 1568 2931 1625 humanam
2972 1578 3217 1623 naturam
3249 1571 3508 1626 credimus
3538 1586 3725 1626 susce-

2140 1658 2303 1726 pisse,
2341 1667 2399 1713 ut
2429 1660 2519 1715 ille
2559 1660 2648 1730 qui
2688 1660 2945 1716 Trinitate
2984 1660 3221 1731 perfecta
3259 1661 3391 1715 Deus
3418 1663 3729 1729 unigenitns

2064 1769 2112 1827 Β
2140 1752 2489 1821 permanebat
2513 1766 2574 1807 ac
2603 1760 2894 1821 permanet,
2914 1752 3029 1822 ipse
3057 1766 3122 1808 ev
3155 1753 3319 1807 Maria
3356 1752 3505 1808 ﬁeret
3533 1756 3725 1823 primo-

2136 1848 2343 1918 genitae
2371 1849 2423 1901 in
2469 1848 2644 1901 multis
2675 1847 2925 1914 fratribus
2952 1846 3130 1919 (Rom.
3165 1862 3277 1911 vni,
3321 1846 3416 1915 9.9)
3440 1864 3453 1907 ;
3481 1860 3536 1902 ct
3593 1848 3727 1901 hunc

2138 1942 2388 1997 eumdem
2444 1957 2603 2012 quem
2658 1950 2917 2011 genuerat
2973 1940 3117 1996 Deus
3165 1941 3324 1996 Pater
3370 1951 3497 1995 ante
3555 1960 3723 1995 omnia

2145 2047 2409 2103 tempora,
2461 2035 2633 2104 ipsum
2678 2044 2961 2103 generaret
2994 2034 3157 2088 homo
3205 2044 3397 2093 mater.
3452 2046 3723 2105 postquam

2140 2127 2287 2181 venit
2314 2108 2587 2194 plenitudo
2621 2134 2945 2194 temporum.

2215 2218 2268 2271 5.
2301 2216 2675 2286 Principaliter
2695 2217 2837 2270 enim
2864 2216 2995 2271 fides
3024 2226 3204 2272 nostra
3228 2215 3501 2272 Christum
3533 2218 3617 2273 ltci
3649 2218 3723 2272 Γῆς

2149 2308 2281 2362 lium
2315 2309 2391 2362 sic
2426 2309 2678 2377 praedicat
2709 2310 2940 2364 hominis
2970 2310 3158 2371 ﬁlium,
3191 2321 3245 2363 ut
3277 2326 3438 2363 unum
3469 2313 3608 2366 dicat
3640 2311 3723 2364 Ini

2145 2410 2198 2456 et
2236 2401 2470 2456 hominis
2524 2400 2728 2467 filium;
2782 2416 2881 2456 nec
2920 2402 3147 2456 alterum
3191 2402 3243 2455 ιιι
3274 2401 3557 2457 divinitate
3584 2404 3728 2457 (Ἆγιν

2146 2501 2286 2547 stum
2332 2501 2654 2558 teneretur,
2699 2492 2926 2546 alterum
2968 2492 3020 2546 in
3054 2492 3383 2547 humanitate
3404 2535 3417 2552 ,
3450 2493 3545 2547 sed
3578 2509 3729 2563 quem

2149 2584 2201 2638 in
2243 2583 2543 2648 divinitate,
2576 2584 2751 2652 ipsum
2794 2583 2851 2637 in
2880 2584 3230 2638 humanitate.
3276 2583 3563 2653 Propterea
3594 2588 3730 2640 enim

2152 2677 2291 2731 Deus
2318 2674 2487 2730 factus
2518 2686 2601 2731 est
2632 2675 2822 2740 homo,
2846 2675 2966 2746 quia
2998 2690 3104 2728 non
3135 2687 3216 2731 est
3245 2676 3381 2729 alius
3405 2677 3567 2739 Dens,
3601 2677 3732 2731 alios

2150 2769 2345 2833 homo;
2394 2768 2489 2823 sed
2519 2769 2738 2822 omnino
2767 2768 2857 2838 qui
2891 2768 3070 2836 Deus,
3126 2770 3242 2837 ipse
3282 2769 3474 2831 lio-no;
3520 2780 3576 2823 et
3621 2785 3732 2838 pro-

2152 2868 2268 2929 pter
2308 2860 2428 2924 hoc,
2461 2859 2547 2929 qui
2585 2860 2762 2923 homo,
2792 2859 2906 2925 ipse
2931 2859 3092 2914 etiam
3119 2860 3278 2923 Deus,
3304 2859 3457 2914 .lesu‘
3488 2860 3735 2915 Christus

2154 2952 2407 3007 Dominus
2432 2959 2632 3005 nOSter.
2658 2948 2878 3005 Muneris
2899 2950 3043 3004 enim
3068 2950 3207 3005 Dens
3235 2948 3397 3005 Filius
3421 2966 3525 3004 una
3552 2952 3601 3002 in
3622 2951 3736 3006 Tri-

2153 3047 2319 3101 nitate
2349 3059 2599 3114 persona,
2632 3044 2775 3099 venit
2797 3044 2864 3098 ad
2897 3043 3207 3113 Virginem;
3237 3057 3336 3099 nec
3362 3045 3461 3099 sibi
3489 3045 3653 3098 aliain
3676 3046 3739 3099 de

449 3150 575 3192 vero
612 3149 829 3193 sanctus
857 3139 1027 3194 Patris
1055 3151 1107 3195 et
1139 3138 1259 3194 Filii
1284 3139 1641 3195 communiter
1670 3139 1922 3209 Spiritus.
1954 3136 2035 3193 Si~
2067 3152 2111 3212 ρ
2153 3154 2214 3192 ca
2248 3151 2529 3207 personam
2562 3138 2874 3206 assumpsit,
2902 3137 2995 3190 sed
3039 3137 3198 3190 aliam
3228 3137 3306 3191 sic
3331 3138 3588 3191 unitatem
3625 3153 3739 3206 per-

449 3231 553 3283 tuul
585 3240 762 3286 autem
796 3232 847 3285 hi
881 3240 988 3286 tres
1014 3232 1327 3287 naturaliter
1353 3246 1488 3285 unus
1522 3232 1681 3294 Deus,
1707 3240 1925 3300 propter
1957 3230 2033 3296 id,

446 3321 586 3388 quod
612 3337 755 3375 unus
788 3322 947 3388 Deus,
984 3338 1142 3376 unam
1199 3322 1460 3378 habentes
1490 3324 1884 3389 substantiam;
1920 3337 2037 3393 pro—

450 3420 565 3476 pter
595 3411 669 3477 id,
691 3412 831 3481 quod
860 3411 1038 3479 Pater,
1062 3424 1115 3469 et
1138 3414 1324 3480 Filius,
1344 3424 1398 3469 et
1419 3416 1649 3485 Spiritus
1672 3426 1911 3482 sanctus,
1930 3424 2040 3470 tres

450 3517 751 3569 personas;
785 3515 1005 3573 propter
1034 3506 1108 3571 id,
1140 3506 1282 3575 quod
1314 3523 1448 3561 unus
1480 3506 1642 3567 Deus,
1672 3507 1829 3561 simul
1862 3510 2039 3561 omnia

450 3592 885 3660 inseparabiliter
926 3609 1257 3664 operantes;
1302 3606 1521 3666 propter
1569 3599 1640 3662 id,
1676 3598 1815 3665 quod
1861 3597 2037 3659 Putet“,

450 3696 502 3737 et
551 3684 738 3751 Filius,
769 3694 827 3741 et
863 3686 1095 3756 Spiritus
1139 3700 1385 3756 sanctus,
1411 3690 1655 3759 quardam
1697 3692 1795 3746 sibi
1832 3692 2040 3761 prop-ia

450 3776 828 3832 vindicantes:
861 3780 1000 3834 sicut
1048 3796 1306 3851 generare
1334 3783 1499 3837 solius
1543 3784 1736 3847 Patris,
1792 3795 1845 3838 et
1897 3786 2043 3837 nasci

451 3867 622 3922 solius
647 3868 789 3937 Filii,
818 3881 871 3922 et
903 3887 975 3939 ιιτι
1000 3872 1193 3928 cedere
1220 3874 1287 3929 de
1316 3874 1597 3941 ambobus,
1628 3877 1792 3930 solius
1816 3876 2041 3929 confitc-

452 3974 577 4013 mur
605 3962 834 4030 Spiritus
859 3964 1047 4017 sunCti.
1086 3964 1238 4019 Sicut
1268 3965 1481 4021 Patrem
1513 3968 1689 4021 solum
1714 3968 1950 4023 locutum
1979 3969 2044 4021 de

454 4055 593 4105 nube
624 4070 635 4103 :
665 4051 765 4105 Hic
792 4064 864 4107 est
891 4052 1061 4108 Filius
1093 4072 1230 4109 mea:
1264 4058 1505 4123 dilectus,
1531 4059 1582 4113 in
1610 4075 1712 4129 quo
1757 4059 1881 4111 milii
1927 4059 2048 4114 bene

455 4145 744 4212 romplacui
795 4143 1005 4211 (Matth.
1042 4162 1116 4211 tu,
1157 4146 1279 4218 l7);
1315 4148 1504 4203 Filium
1532 4151 1703 4205 Sttllttn
1736 4151 1802 4205 de
1834 4150 2049 4219 Virgine

456 4244 660 4301 natum,
692 4246 745 4290 et
774 4252 803 4289 a
835 4236 1039 4292 Joanne
1069 4240 1118 4291 in
1147 4237 1381 4296 Jordaue
1408 4241 1629 4298 flumine
1674 4242 1997 4311 baptizatum
2026 4258 2038 4306 ;

459 4337 513 4383 et
559 4328 814 4396 Spiritum
868 4344 1110 4387 sanctum
1143 4334 1315 4388 solum
1348 4335 1399 4389 in
1431 4336 1693 4391 columba:
1730 4338 1913 4407 specie
1956 4336 2052 4390 dc-

456 4422 758 4475 serudlsse.
792 4422 929 4475 Olim
956 4423 1151 4493 quippe
1185 4426 1308 4481 illos
1340 4428 1537 4482 veritas
1567 4428 2050 4483 confutavitluerc-

2144 3246 2290 3285 some
2320 3244 2429 3284 suae
2452 3229 2712 3298 suscepit,
2747 3238 2805 3283 ut
2833 3242 3062 3295 persona
3110 3243 3228 3296 qu:e
3251 3241 3464 3295 semper
3482 3238 3625 3291 erat,
3654 3244 3739 3279 na-

2146 3334 2319 3379 turam
2344 3323 2646 3391 susciperet
2677 3322 2873 3385 carnis,
2902 3320 3229 3389 haberetque
3250 3319 3381 3373 duas
3411 3334 3513 3372 una
3542 3318 3740 3373 Christi

2147 3432 2377 3487 persona
2401 3426 2639 3471 naturas.
2669 3414 2775 3469 Nec
2793 3414 3065 3482 ambigere
3086 3424 3293 3480 oportet
3326 3414 3596 3481 quomodo
3627 3427 3742 3467 ere.

2146 3511 2303 3564 datur
2323 3508 2554 3561 humana
2573 3514 2783 3566 natura,
2804 3520 2868 3560 ex
2898 3506 3049 3559 initio
3070 3504 3172 3567 sui,
3204 3504 3293 3557 Dei
3316 3504 3471 3557 Verbi
3489 3504 3742 3558 habuisse

2150 3616 2466 3671 personam;
2490 3598 2722 3652 scientes
2737 3597 2859 3665 quia
2892 3610 2996 3649 non
3020 3596 3292 3649 hominem
3315 3596 3623 3659 formatum,
3652 3611 3741 3647 ue-

2148 3707 2249 3759 que
2271 3699 2611 3761 conceptum,
2644 3702 2816 3756 neque
2844 3685 2949 3740 vita
2981 3701 3076 3740 sua
3103 3686 3331 3756 quadam
3355 3687 3436 3740 vel
3469 3687 3522 3739 in
3554 3686 3743 3739 matris

2149 3796 2304 3837 utero
2349 3782 2526 3834 vivere
2551 3778 2662 3845 jam
2694 3777 3036 3843 incipientem
3088 3776 3227 3829 D.us
3272 3778 3602 3843 assumpsit;
3654 3776 3742 3828 sed

2150 3873 2373 3927 omnino
2417 3880 2703 3939 antequam
2752 3869 2950 3937 aliquid
3000 3870 3166 3923 Maria
3212 3869 3520 3935 CUIIf'ipCTCl
3548 3912 3561 3930 ,
3619 3880 3742 3921 ante

2151 3980 2365 4020 omnem
2398 3962 2614 4019 formati
2664 3960 3000 4016 formaudive
3034 3962 3269 4014 hominis
3299 3974 3515 4013 causam
3542 4002 3556 4024 ,
3604 3967 3743 4013 Heus

2154 4057 2337 4112 volens
2370 4058 2531 4109 homo
2559 4051 2697 4119 ﬁeri,
2732 4052 3006 4122 virginalis
3052 4053 3304 4120 palatium
3338 4052 3543 4132 \‘cnttis
3576 4052 3749 4104 intra—

2155 4152 2259 4215 vit;
2291 4164 2347 4205 et
2371 4151 2565 4204 virtute
2584 4146 2879 4203 divinitatis
2906 4160 3099 4201 munus
3123 4146 3353 4214 largiens
3378 4144 3745 4210 fecunditatis,

2154 4242 2446 4309 assumpsit
2470 4257 2536 4295 ex
2582 4254 2646 4295 ca
2675 4254 2834 4308 quam
2869 4238 3068 4294 hahcne
3102 4238 3269 4293 voluit
3293 4248 3541 4303 matrem,
3574 4238 3748 4291 nostri

2157 4333 2370 4404 generis
2414 4348 2590 4389 veram
2643 4346 2885 4388 carnem.
2929 4331 2998 4384 Et
3048 4332 3160 4399 ipsa
3202 4334 3570 4399 assumptione
3606 4345 3749 4384 cuu-

2159 4436 2347 4495 ieptus
2383 4434 2436 4478 et
2467 4434 2659 4489 natus,
2698 4438 2805 4477 non
2838 4422 3022 4489 utique
3052 4437 3336 4490 personant
3367 4422 3524 4477 aliam
3556 4436 3748 4477 susce-

457 4512 612 4575 ticos,
651 4511 737 4580 qui
771 4510 849 4566 sic
892 4529 1052 4567 unum
1098 4515 1259 4570 Deum
1300 4517 1615 4574 Trinitatem
1647 4519 1827 4575 dicere
1868 4521 2050 4574 volue-
2084 4541 2133 4601 D
2162 4523 2277 4590 pit,
2325 4519 2447 4589 quia
2486 4534 2593 4574 non
2628 4517 2903 4572 hominem
2938 4527 3178 4585 paratum
3212 4516 3437 4579 invenit,
3466 4514 3560 4571 sed
3588 4528 3751 4571 natu-

362 4638 367 4645 .
458 4612 601 4666 runt,
635 4614 689 4655 ιιι
722 4618 876 4673 quem
909 4605 1122 4660 Patrem
1154 4607 1477 4674 fatebantur,
1511 4611 1681 4678 ipsum
1709 4610 1808 4664 sibi
1835 4609 2047 4676 Filium,

457 4700 630 4765 ipsum
657 4696 921 4768 ﬁngerent
959 4699 1218 4770 Spiritum
1248 4713 1492 4758 sanetum
1522 4721 1533 4755 :
1568 4703 1695 4758 dum
1724 4704 1931 4758 scilicet
1962 4705 2053 4773 qui

458 4810 685 4850 manens
708 4796 759 4849 in
792 4798 1102 4853 cm'cstibus
1131 4808 1390 4855 creatura:
1416 4801 1572 4855 totius
1595 4799 1750 4855 Pater
1781 4798 1895 4863 fuit,
1932 4814 2053 4866 pro-

460 4896 647 4942 teusus
674 4888 726 4941 in
755 4886 1046 4959 Virginem,
1080 4899 1134 4943 et
1159 4892 1428 4944 nascendo
1451 4891 1592 4945 inter
1616 4891 1867 4946 homines
1887 4889 2053 4944 Filius

465 4978 655 5044 fieret;
703 4996 995 5050 rursusque
1048 4980 1465 5052 dispensationis
1509 4984 1756 5036 humanae
1804 4998 2056 5037 consum-

462 5081 606 5120 mato
637 5071 919 5139 in_isterio,
939 5085 1101 5140 super
1131 5072 1402 5141 apostolus
1440 5072 1490 5126 in
1524 5074 1719 5142 linguis
1763 5073 1932 5144 igneis
1965 5089 2055 5128 vc-

464 5158 636 5222 niens,
670 5158 900 5227 Spiritus
929 5174 1147 5215 sa:.ctus
1186 5174 1469 5217 vocaretur
1505 5180 1516 5215 :
1560 5163 1660 5219 hoc
1687 5178 1872 5219 errore
1900 5178 2053 5218 com-

466 5249 601 5316 pulsi
638 5266 742 5303 non
776 5250 965 5307 Filium
989 5254 1083 5308 Dei
1113 5254 1413 5320 Patris,sed
1446 5256 1658 5312 Patrem
1684 5257 1907 5313 credere
1926 5274 2051 5312 cru-

465 5338 703 5394 cilixum.
735 5340 886 5395 Unde
913 5357 1007 5397 eos
1033 5345 1192 5399 etiam
1227 5344 1649 5414 Patripassiauos
1677 5346 1934 5417 appellari
1964 5362 2056 5402 ve—

467 5436 636 5483 tustas
662 5431 915 5485 ostendit.
946 5433 1018 5487 ita
1055 5436 1213 5506 igitur
1244 5446 1463 5508 propter
1510 5455 1543 5493 ιι
1569 5454 1670 5493 :am
1700 5442 2051 5495 substantiam

467 5520 727 5575 Sabellius
756 5532 866 5577 tres
912 5527 1079 5581 noluit
1108 5528 1261 5585 fateri
1293 5547 1573 5600 personas,
1615 5533 1751 5588 sicut
1778 5550 1807 5589 e
1835 5543 2050 5590 contra-

559 5776 573 5793 '
598 5774 679 5826 An
704 5770 1029 5823 (nudaberis?
1060 5772 1198 5837 Mox,
1232 5772 1384 5839 forte,
1414 5775 1611 5829 doctos.

2160 4627 2272 4666 rum
2308 4612 2491 4681 potius,
2509 4612 2818 4674 humanam,
2846 4609 2897 4663 iu
2928 4624 3031 4676 qua
3065 4610 3179 4677 ipse
3209 4608 3348 4664 Deus
3373 4610 3534 4663 homo
3557 4623 3750 4664 nasce-

2160 4715 2327 4768 retur,
2352 4704 2578 4771 acccpit.
2609 4700 2804 4755 llahuit
2842 4699 3001 4770 igitur
3032 4701 3262 4754 humana
3296 4711 3506 4764 natura,
3536 4715 3604 4754 ex
3645 4714 3748 4769 quo

2160 4805 2243 4848 est
2272 4808 2474 4859 creata,
2517 4808 2832 4863 personam;
2871 4792 2962 4847 sed
2997 4807 3157 4846 unam
3180 4808 3299 4847 eum
3333 4792 3477 4857 Deo,
3505 4796 3597 4861 qui
3629 4808 3745 4847 earn

2161 4887 2511 4957 suscipiendo
2554 4878 2765 4941 creatus
2807 4897 2912 4941 cst.
2962 4885 3041 4940 Τιι
3091 4885 3314 4954 proinde
3344 4886 3594 4954 quiquis
3626 4884 3749 4939 huic

2164 4979 2284 5033 fidei
2318 4978 2641 5033 ('Olllt'udlt'ls
2668 5019 2681 5042 ,
2725 4978 2948 5032 ostende
2978 4977 3105 5030 mihi
3139 4979 3189 5031 in
3223 4976 3442 5031 Christo
3468 4980 3587 5033 sine
3613 4981 3748 5033 divi-

2164 5073 2328 5125 nitatc
2358 5069 2644 5139 aliquando
2678 5070 3090 5131 humanitatem,
3120 5078 3172 5123 ct
3212 5080 3337 5124 tunc
3367 5069 3577 5123 fatebor
3606 5069 3748 5140 quod

2166 5165 2409 5218 habuerit
2452 5165 2720 5233 propriam
2759 5162 2921 5217 etiam
2966 5162 3078 5218 sola
3123 5163 3354 5218 humana
3392 5175 3582 5219 natura
3625 5180 3750 5233 per-

2161 5274 2370 5312 sonam.
2414 5260 2545 5324 Quia
2580 5272 2705 5311 vero
2735 5255 2988 5309 divinitas
3035 5256 3253 5325 quidem
3298 5255 3453 5313 Verbi
3507 5256 3597 5311 Dei
3632 5258 3753 5310 sine

2163 5350 2491 5405 humanizate
2523 5348 2650 5417 fuit,
2676 5350 2979 5405 humanitas
3001 5364 3131 5404 vero
3159 5351 3275 5405 sine
3300 5349 3578 5405 divinitate
3608 5366 3752 5404 nuu-

2162 5458 2320 5511 quum
2376 5441 2504 5505 fuit;
2554 5440 2675 5496 idco
2725 5441 2911 5497 habuit
2959 5442 3136 5495 divina
3186 5452 3373 5496 natura
3425 5457 3737 5511 personam.

2163 5550 2320 5605 quam
2347 5534 2593 5589 humanae
2627 5543 2852 5602 naturrc,
2894 5534 3109 5602 quando
3136 5549 3255 5589 eam
3284 5533 3540 5603 suscepit,
3575 5533 3745 5587 ιωιιιι-
