3998 6202
300 382 415 440 913

1475 363 1833 425 EPISTOLE
1878 362 1966 418 ET
1994 360 2373 417 OPUSCULA.

3482 355 3605 414 91L:

299 501 400 565 sit;
432 506 573 556 utet
600 505 784 551 natura
816 491 1139 562 susceptrix,
1169 501 1219 547 et
1249 501 1434 546 natura
1458 496 1737 558 suscepta,
1774 486 1890 540 sine
1919 485 1973 541 Δ
2004 478 2162 533 habet
2194 476 2617 540 humanitatem;
2649 487 2747 565 nec
2788 487 3014 543 persona
3064 471 3157 565 ﬁlii
3200 470 3430 526 hominis
3466 486 3587 542 quae

306 594 413 648 ulta
442 590 760 647 confusione
788 586 1127 643 ineiiabiliter
1153 586 1421 645 adunata,
1462 582 1618 638 unius
1646 580 1897 636 credere-

308 694 393 741 tnr
413 699 533 741 esse
560 696 801 753 persona:
824 697 837 746 ;
860 680 987 735 dum
1019 678 1176 748 cujus
1206 688 1287 733 est
1308 676 1587 739 divinitas,
1618 673 1784 743 ipsius
1815 681 1898 726 est

310 776 646 842 humanitas;
670 784 725 830 et
754 773 908 843 cujus
938 781 1023 828 est
1052 771 1378 834 humanitas,
1406 767 1575 840 ipsius
1604 764 1851 820 divinitas
1881 781 1895 819 :

311 879 364 925 et
394 871 517 925 licet
566 867 669 922 alia
711 866 780 921 sit
806 865 987 919 divina
1025 872 1233 929 natura,
1285 862 1386 915 alia
1432 859 1501 914 sit
1530 856 1760 912 humaria
1806 870 1900 909 na-

314 976 462 1026 tura,
498 974 603 1014 non
634 958 704 1013 sit
736 967 912 1011 tamen
946 954 1083 1009 alius
1111 953 1389 1015 Christus,
1422 951 1575 1020 cujus
1605 958 1686 1005 est
1717 947 1898 1002 divina

316 1062 526 1116 natura,
558 1059 614 1105 et
639 1050 777 1103 alius
805 1044 1075 1110 Christus,
1107 1046 1261 1114 cujus
1290 1054 1373 1097 est
1403 1042 1637 1096 humana
1679 1047 1896 1101 natura;

315 1144 411 1200 sed
441 1144 584 1198 idem
615 1142 685 1195 sit
715 1155 850 1195 unus
878 1138 1146 1204 Christus,
1177 1137 1329 1207 cujus
1357 1143 1440 1191 est
1468 1135 1700 1189 humana
1731 1139 1787 1187 et
1813 1129 1898 1184 di-

316 1239 439 1290 vina
464 1243 672 1290 natura.
701 1232 886 1300 Neque
913 1231 1055 1287 enim
1089 1232 1168 1285 sic
1193 1230 1245 1284 in
1271 1228 1507 1293 Christo,
1537 1226 1671 1280 sicut
1697 1224 1748 1278 in
1778 1234 1901 1292 pro—

318 1328 498 1396 phetis
542 1322 859 1379 inhabitavit
918 1320 1011 1376 Dei
1056 1319 1320 1386 Verbum,
1368 1318 1466 1373 sed
1503 1316 1726 1370 Verbum
1782 1330 1901 1368 caro

319 1421 514 1489 factum
547 1424 645 1485 est,
676 1426 729 1469 ut
760 1414 1007 1469 habitaret
1032 1416 1084 1467 in
1113 1414 1253 1467 nobis
1280 1410 1461 1482 (Icari.
1495 1428 1533 1475 t,
1564 1408 1675 1478 id).
1702 1408 1798 1462 Hic
1821 1416 1906 1461 est

325 1507 583 1565 deinos
614 1506 773 1563 JeSos
796 1506 1063 1560 Christus.
1091 1506 1166 1561 De
1188 1504 1334 1559 nullo
1358 1504 1589 1573 denique
1620 1501 1900 1571 propheta,

321 1601 564 1671 quamvis
605 1616 671 1655 ex
721 1614 947 1668 persona
994 1597 1091 1651 Dei
1138 1598 1305 1651 multa
1350 1597 1544 1663 saepius
1597 1596 1904 1664 loquantur,

321 1694 597 1760 Scriptura
641 1701 824 1745 saneta
868 1690 1105 1745 narravit
1150 1689 1291 1759 quod
1338 1698 1481 1745 esset
1528 1702 1692 1754 snpcr
1728 1686 1905 1741 omnia

323 1783 486 1839 Deus.
538 1784 613 1838 De
644 1782 855 1837 Christo
899 1791 1076 1835 autem
1116 1781 1434 1835 ﬁdocialiter
1477 1779 1763 1850 Apostolus
1792 1777 1904 1832 cla-

2005 569 2281 624 nobiscum
2314 568 2474 621 habet
2517 562 2928 630 humanitatem,
2960 562 3227 617 mediator
3266 568 3453 617 noster
3482 569 3586 627 est,

2002 662 2124 730 quia
2152 675 2257 713 non
2290 660 2448 713 habet
2474 673 2594 712 cum
2626 658 2734 713 Deo
2755 656 3110 711 divinitatem.
3143 652 3378 709 Proinde
3398 654 3441 707 si
3467 668 3587 707 cum

2002 750 2354 822 baptizamnr,
2399 750 2543 805 illam
2574 748 2943 803 tantummodo
2970 758 3255 817 personam
3288 759 3409 810 quae
3432 744 3592 797 habet

2002 859 2125 900 cum
2151 844 2263 917 Deo
2300 842 2657 908 divinitatem,
2687 844 3052 906 nominamus,
3097 846 3147 893 et
3177 837 3447 908 quomodo
3473 836 3590 889 sine

2002 938 2301 994 mediatore
2341 935 2788 992 reconciliamur?
2831 936 3015 989 Restat
3062 948 3191 1004 ergo
3245 930 3374 985 utsi
3423 930 3593 983 norni—

2004 1039 2131 1085 nato
2160 1030 2211 1083 in
2242 1028 2566 1098 baptismate
2596 1027 2731 1081 Filio
2753 1025 3102 1080 mediatorem
3135 1022 3415 1077 nominare
3443 1020 3594 1073 volu—

2005 1136 2143 1189 mus,
2176 1121 2351 1190 ipsum
2392 1120 2585 1175 Filium
2638 1134 2744 1173 non
2784 1117 3118 1182 dividamus;
3169 1112 3264 1170 sed
3305 1115 3446 1167 hunc
3475 1126 3596 1166 esse

1986 1216 2194 1284 Deum,
2230 1233 2385 1285 quem
2419 1218 2687 1272 hominem
2719 1216 3042 1272 conﬁtentes
3063 1256 3079 1282 ,
3128 1222 3410 1285 negatores
3438 1211 3595 1269 unius

2006 1323 2251 1378 persona:
2278 1310 2543 1364 veraciter
2585 1308 2991 1362 eonfundamus.
3033 1305 3286 1376 Alioquin
3326 1304 3595 1375 quomodo

2005 1414 2191 1456 verum
2226 1402 2363 1466 erit,
2398 1402 2519 1469 quia
2552 1400 2857 1471 quicunque
2887 1397 2939 1452 in
2986 1396 3203 1453 Christo
3232 1395 3589 1464 baptizamur,

2008 1492 2060 1547 in
2092 1506 2264 1546 morte
2295 1492 2459 1561 ipsius
2492 1491 2827 1559 baptizatnur
2869 1488 3045 1559 (liam.
3087 1504 3159 1553 vr,
3192 1484 3268 1556 ὅ),
3313 1486 3355 1541 si
3385 1486 3596 1556 mando

2007 1582 2200 1637 Filium
2233 1583 2282 1636 in
2317 1583 2634 1651 baptismate
2680 1582 3038 1645 nominamus,
3085 1591 3191 1635 non
3222 1593 3381 1633 unam
3414 1590 3593 1646 perso—

2009 1691 2132 1729 nam
2166 1674 2256 1729 Dei
2299 1676 2635 1745 hominisque
2661 1716 2674 1739 ,
2706 1675 2798 1729 sed
2829 1687 3110 1743 personam
3142 1673 3308 1727 solam
3354 1669 3471 1725 Filii
3506 1671 3595 1724 Dei

2010 1767 2127 1825 sine
2177 1781 2403 1836 persona
2452 1766 2544 1820 ﬁlii
2592 1765 2827 1820 hominis
2868 1766 3238 1828 nominamus;
3291 1763 3516 1835 qttando-
3552 1764 3596 1816 si

322 1886 433 1931 tnat
462 1894 476 1929 :
517 1875 597 1930 Ex
625 1878 807 1945 quibus
850 1886 922 1929 est
965 1874 1201 1929 Christus
1230 1875 1509 1929 secundum
1538 1888 1741 1926 carnem
1763 1911 1777 1936 ,
1820 1870 1905 1941 qui

2017 1874 2142 1915 vere
2185 1860 2409 1914 fuissent
2458 1859 2577 1913 duae
2611 1873 2853 1928 persona:
2880 1858 3021 1923 ,‘ad
3069 1858 3596 1915 commemorandam

322 1980 391 2024 est
428 1986 581 2039 super
608 1971 781 2022 omnia
828 1969 959 2023 Deus
1002 1970 1293 2022 benedictus
1322 1968 1376 2021 in
1402 1968 1593 2021 alecula
1624 1966 1801 2037 (Rom.
1831 1980 1907 2031 lx,

323 2064 402 2130 5).
435 2064 489 2117 Si
521 2065 640 2133 quis
671 2065 813 2117 enim
847 2063 1119 2133 negaverit
1148 2062 1419 2117 Christum
1450 2062 1543 2118 Dei
1576 2062 1911 2130 hominisque

324 2155 488 2207 ﬁlium
532 2172 689 2208 unam
738 2156 935 2211 habere
961 2171 1268 2224 personam,
1311 2158 1449 2212 duos
1476 2156 1730 2227 prtedicat
1759 2156 1910 2211 Chri—

324 2256 473 2311 stos;
503 2256 557 2300 et
598 2248 641 2302 si
671 2247 864 2316 duplex
900 2248 1208 2302 adorandus
1240 2248 1321 2302 vel
1355 2248 1613 2302 colendus
1642 2257 1725 2302 est
1752 2244 1911 2302 Chri-

326 2344 440 2391 stus
462 2378 478 2402 ,
521 2352 624 2390 non
658 2337 998 2404 Trinitatem,
1030 2337 1124 2392 sed
1157 2340 1569 2408 quaternitatem
1610 2339 1819 2394 adorat.
1853 2337 1911 2394 Si

325 2428 444 2498 quis
497 2430 688 2484 iterum
737 2445 895 2484 unatn
936 2431 1135 2485 Christi
1185 2432 1318 2486 dicit
1365 2448 1484 2488 esse
1530 2442 1809 2498 naturam,
1858 2443 1914 2488 et

326 2521 568 2590 quamvis
600 2536 721 2576 eum
753 2537 816 2575 ex
849 2521 1053 2576 duabus
1086 2537 1282 2592 negare
1318 2538 1424 2577 non
1455 2523 1668 2590 audeat,
1699 2523 1750 2577 in
1776 2525 1910 2577 dua-

328 2611 428 2666 bus
455 2621 631 2665 tamen
678 2613 989 2668 substantiis
1024 2614 1267 2668 conﬁteri
1296 2626 1510 2669 veretur
1544 2626 1634 2669 aut
1672 2616 1909 2682 dubitat,

330 2701 421 2755 hic
464 2710 556 2755 aut
589 2704 743 2757 unius
775 2715 979 2758 naturae
1025 2704 1394 2773 abolitionem,
1428 2716 1520 2758 aut
1566 2715 1914 2775 utrarumque

330 2802 601 2847 asseverat
648 2792 1039 2849 confusionem.
1076 2794 1188 2848 Nisi
1221 2795 1362 2849 enim
1406 2795 1473 2850 de
1515 2796 1724 2851 duabus
1754 2813 1910 2852 unam

330 2886 487 2939 simul
520 2885 822 2952 abstulerit,
847 2896 936 2940 aut
961 2900 1212 2957 utrasque
1232 2886 1559 2955 confuderit,
1594 2904 1750 2941 unam
1782 2905 1915 2959 quo-

330 2975 492 3030 modo
515 2975 772 3044 praedicet
802 2993 913 3031 non
939 2978 1170 3033 habebit.
1472 2974 1479 2979 ’

401 3087 458 3142 Ai.
492 3086 598 3142 Hos
628 3088 1025 3158 Scripturarum
1059 3091 1401 3161 testimoniis,
1440 3102 1495 3148 ut
1522 3095 1762 3164 epistolae
1794 3112 1912 3151 mo-

329 3179 430 3235 dus
473 3188 736 3246 teneatur,
776 3183 1010 3239 breviter
1058 3185 1374 3254 refutantes,
1410 3188 1570 3244 verba
1621 3188 1913 3245 Salvatoris

330 3276 501 3327 nostri
538 3276 784 3343 primitus
811 3276 1236 3346 consideremus,
1268 3279 1459 3348 quibus
1483 3279 1641 3334 ﬁxam
1673 3280 1911 3351 regulam

329 3365 507 3423 divini
554 3368 893 3436 baptismatis
936 3370 1188 3438 tradens,
1236 3371 1339 3427 hoc
1388 3375 1649 3443 apostolis
1689 3378 1801 3432 suis
1828 3376 1912 3431 di-

329 3473 464 3514 cens
493 3468 517 3496 ει
554 3477 565 3513 :
598 3458 699 3526 Ite,
726 3461 977 3529 baptizata
1007 3479 1179 3517 omnes
1210 3474 1378 3534 gentes
1402 3466 1455 3517 in
1490 3468 1692 3521 nomine
1717 3467 1913 3537 Patris,

330 3561 377 3604 et
408 3550 555 3614 Filii,
605 3561 652 3604 et
685 3552 913 3620 Spiritus
949 3554 1117 3607 sancti
1156 3553 1371 3625 (Matth.
1423 3572 1615 3623 xxvm,
1646 3558 1756 3631 19).
1788 3558 1915 3617 illos

331 3642 475 3696 enim
504 3642 594 3711 qui
626 3653 811 3711 putant
857 3643 1127 3699 Christum
1175 3660 1332 3699 unam
1365 3662 1469 3701 non
1504 3648 1702 3705 trahere
1734 3665 1917 3719 perso-

331 3749 479 3799 natn,
514 3735 787 3805 interrogo
820 3753 833 3788 :
884 3735 1170 3791 Nominato
1203 3739 1255 3792 in
1297 3738 1617 3806 baptismate
1645 3741 1781 3797 Filio
1806 3784 1820 3810 ,
1868 3747 1915 3797 si

332 3840 441 3878 non
471 3834 555 3877 est
598 3840 700 3878 una
735 3825 831 3879 Dei
863 3825 1202 3897 hominisque
1233 3843 1460 3898 persona
1484 3871 1498 3896 ,
1539 3840 1658 3902 Quae
1688 3848 1916 3901 persona

331 3918 679 3971 nominatur?
708 3918 761 3973 Si
812 3902 1087 3988 dixerint,
1137 3920 1261 3976 Filii
1310 3922 1444 3989 Dei,
1487 3940 1587 3981 nec
1616 3925 1760 3981 hunc
1797 3942 1916 3984 esse

329 4006 658 4064 Conﬁtentur
690 4010 854 4065 ﬁlium
886 4010 1143 4078 hominis,
1195 4031 1353 4084 quem
1399 4018 1596 4074 Filium
1627 4020 1755 4087 Dei;
1787 4038 1916 4093 ergo

332 4099 509 4152 omnis
535 4112 561 4151 a
594 4101 1015 4169 regenerationis
1038 4116 1377 4160 sacramento
1404 4108 1572 4177 gratia
1600 4112 1916 4169 mediatoris

329 4189 592 4246 aufertur.
635 4191 781 4246 Unus
812 4205 884 4248 est
915 4197 1048 4249 enim
1072 4237 1088 4263 ,
1127 4196 1267 4253 sicut
1298 4199 1428 4253 dicit
1453 4204 1764 4270 Apostolus,
1806 4223 1915 4262 me-

331 4282 504 4334 diator
528 4280 624 4335 Dei
643 4294 687 4335 et
709 4286 992 4354 hominum,
1011 4286 1159 4342 homo
1181 4288 1412 4344 Christus
1438 4291 1588 4347 Iesus
1613 4295 1667 4365 (I
1692 4296 1826 4350 Tim.
1854 4314 1911 4368 ιι,

334 4374 415 4438 5).
456 4373 585 4427 Etsi
619 4376 786 4444 (quod
824 4377 986 4448 absit)
1013 4380 1285 4435 nominato
1318 4382 1370 4436 in
1401 4384 1725 4454 baptismate
1754 4389 1912 4456 Filio,

333 4464 444 4517 sola
479 4463 600 4519 Filii
644 4466 735 4520 Dei
769 4483 1000 4537 persona
1042 4472 1380 4539 nominatur,
1435 4482 1491 4529 et
1534 4490 1760 4542 persona
1793 4478 1915 4534 Filii

333 4553 427 4609 Dei
462 4554 693 4612 hominis
724 4574 829 4613 non
871 4572 1343 4630 commemoratur,
1375 4566 1641 4624 mediator
1682 4586 1787 4626 non
1813 4587 1915 4627 no-
1948 4569 1994 4626 D

332 4649 587 4702 minatur.
622 4649 690 4704 Et
712 4653 981 4720 quomodo
1008 4657 1125 4710 sine
1168 4657 1465 4714 mediatore
1490 4660 1648 4716 Pater
1675 4665 1917 4718 reconci-

330 4739 534 4793 liatur?
561 4753 656 4797 aut
682 4744 723 4796 si
763 4742 901 4797 forte
931 4760 1037 4800 non
1069 4749 1475 4816 reconciliatur,
1505 4761 1561 4806 ut
1588 4752 1713 4821 quid
1742 4754 1915 4823 bapti-

330 4846 483 4885 smus
511 4832 702 4888 daturi
728 4834 783 4891 Si
818 4848 995 4891 auzem
1020 4841 1415 4907 reconciliatur,
1448 4858 1544 4912 per
1566 4846 1917 4900 mediazorem

329 4925 736 4983 reconciliatur.
771 4929 828 4984 Si
860 4944 959 4997 per
990 4932 1341 4986 mediatorem
1370 4934 1770 5001 reconciliatur,
1806 4951 1922 4991 me-

327 5016 508 5072 diator
537 5016 638 5072 iste
666 5033 771 5073 non
799 5032 880 5075 est
924 5032 1128 5076 tantum
1179 5023 1342 5088 Deus,
1372 5040 1546 5095 neque
1577 5035 1780 5083 tantum
1820 5028 1918 5083 ho-

329 5124 443 5175 mo,
487 5108 586 5165 sed
618 5109 758 5166 Deus
783 5114 978 5179 homo;
1013 5122 1069 5168 ut
1092 5114 1284 5185 jungat
1312 5118 1607 5186 hominem,
1634 5120 1839 5176 habens
1863 5120 1918 5175 in

332 5216 439 5255 una
467 5202 762 5274 eademque
801 5220 1033 5274 persona
1064 5222 1184 5262 cunt
1218 5209 1326 5263 Deo
1366 5212 1699 5268 divinitatem
1728 5255 1745 5280 ,
1794 5230 1915 5269 cum

330 5291 642 5349 hominibus
672 5296 1095 5366 humanitatem,
1145 5310 1200 5357 et
1246 5312 1462 5371 propter
1496 5304 1598 5359 hoc
1631 5305 1913 5362 mediator.

330 5385 464 5440 Nam
507 5391 550 5441 si
582 5388 718 5444 alter
755 5392 918 5449 fuerit
946 5394 1105 5460 Deus,
1139 5396 1275 5450 alter
1308 5396 1504 5463 horno;
1535 5379 1585 5451 i'd
1614 5406 1716 5463 est,
1756 5400 1916 5456 aliam

332 5492 616 5547 personam
646 5480 889 5555 habuerit
911 5486 1052 5540 Deus
1075 5487 1341 5554 Christus,
1372 5488 1529 5545 aliam
1563 5491 1721 5549 homo
1750 5492 1912 5548 Chri-

329 5582 479 5638 stus;
509 5589 609 5628 nec
635 5591 860 5645 persona
892 5579 979 5633 illa
1024 5581 1225 5637 Christi
1268 5599 1387 5654 qua:
1436 5586 1597 5641 habet
1641 5603 1766 5642 cum
1803 5589 1913 5645 Deo

329 5661 685 5734 divinitatem,
715 5668 975 5727 mediator
1000 5680 1185 5730 noster
1212 5682 1312 5744 est,
1345 5677 1467 5746 quia
1494 5691 1600 5734 non
1626 5678 1903 5736 nobiscum

405 5785 427 5811 "
459 5777 599 5850 Lege
629 5780 777 5836 dixit.

2013 1963 2241 2006 mortem
2273 1952 2470 2006 Chris:i
2518 1952 2567 2005 in
2600 1967 2700 2021 qua
2734 1967 2832 2006 nos
2875 1952 3131 2021 baptizari
3167 1953 3321 2006 docet
3372 1942 3599 2019 Apo'stm

2014 2042 2096 2095 lus
2123 2083 2137 2107 ,
2184 2055 2412 2107 persona
2459 2042 2552 2095 ﬁlii
2586 2042 2815 2096 hominis
2847 2042 3258 2097 commemorari
3299 2042 3598 2097 debuerat?

2012 2133 2317 2187 Secundum
2350 2132 2618 2188 hominem
2650 2134 2789 2187 enim
2824 2133 2957 2187 mori
2993 2135 3163 2201 potuit
3197 2134 3461 2188 Christus.
3492 2132 3599 2187 Sed

2016 2224 2065 2290 si.
2094 2224 2184 2277 ille
2212 2224 2299 2293 qui
2333 2237 2613 2292 personam
2640 2238 2798 2277 unam
2826 2239 3022 2293 negare
3044 2232 3265 2278 conatur
3287 2225 3337 2277 in
3360 2223 3598 2284 Christo,

2016 2330 2083 2368 ne
2103 2315 2355 2369 excludat
2383 2315 2769 2369 incarnationis
2791 2331 2821 2369 a
2844 2316 3165 2384 baptismale
3187 2324 3601 2376 sacramentum,

2016 2407 2290 2461 nominato
2317 2406 2453 2461 Filio
2485 2422 2769 2476 personam
2804 2404 2898 2460 ﬁlii
2940 2405 3171 2460 hominis
3201 2412 3476 2458 asseverat
3508 2420 3602 2456 no-

2018 2496 2245 2562 minati;
2282 2510 2383 2549 non
2430 2512 2559 2565 ergo
2604 2497 2653 2550 in
2689 2497 2842 2552 unito
2873 2494 3157 2551 Trinitatis
3190 2492 3405 2548 nomine
3432 2493 3602 2560 bapti-

2018 2603 2225 2643 zamus.
2258 2589 2440 2657 Neque
2471 2586 2611 2642 enim
2644 2587 2881 2642 Trinitas
2934 2596 3105 2656 potest
3150 2586 3254 2640 dici
3284 2627 3298 2651 ,
3340 2584 3428 2639 ubi
3465 2584 3602 2637 Deus

2020 2680 2118 2733 Dei
2149 2679 2316 2733 Filius
2341 2694 2446 2733 non
2479 2680 2804 2745 nominatur,
2829 2678 2871 2733 si
2902 2692 3127 2748 persona
3149 2686 3351 2733 tantum
3386 2674 3479 2729 ﬁlii
3512 2675 3601 2729 ho-

2019 2770 2176 2825 minis
2214 2770 2530 2824 inculcatur.

2090 2860 2143 2913 5.
2177 2858 2244 2914 Ut
2273 2873 2402 2928 ergo
2432 2859 2671 2913 Trinitas
2703 2845 2891 2913 tota‘in
2926 2860 3244 2929 baptismate
3276 2859 3601 2926 nominetur,

2018 2959 2075 3004 et
2112 2949 2423 3005 mediatoris
2463 2951 2631 3020 gratia
2665 2964 2769 3005 non
2803 2952 3042 3015 sileatur,
3086 2962 3140 3006 et
3171 2953 3360 3006 mortis
3404 2951 3603 3005 Christi

2019 3043 2461 3102 commemoratio
2505 3052 2827 3113 renovetur,
2882 3059 3042 3099 unam
3107 3042 3353 3100 Christus
3406 3045 3603 3099 habere

2019 3148 2306 3205 personam
2336 3135 2600 3190 veraciter
2629 3143 2985 3205 agnoscatur;
3035 3144 3093 3189 ut
3122 3136 3398 3191 nominato
3425 3135 3478 3188 in
3510 3135 3600 3189 ba-

1939 3219 1986 3284 C
2018 3230 2271 3300 ptismate
2297 3226 2457 3294 Filio,
2499 3229 2614 3284 haec
2643 3244 2744 3284 una
2778 3243 3006 3298 persona
3037 3230 3298 3284 nominari
3341 3229 3604 3295 intelliga-

2020 3330 2108 3377 tur
2153 3321 2220 3377 de
2266 3336 2368 3392 qua
2410 3320 2544 3375 dicit
2572 3322 2731 3376 etiam
2761 3322 2955 3377 Paulus
2985 3336 3076 3377 vas
3104 3322 3384 3377 electionis
3416 3341 3427 3375 :
3462 3320 3601 3377 Nam

2018 3422 2065 3468 et
2092 3428 2183 3485 ego
2206 3414 2343 3483 quod
2365 3412 2572 3479 donavi,
2604 3416 2649 3467 si
2673 3414 2799 3483 quid
2822 3415 3003 3467 donavi
3039 3426 3247 3485 propter
3270 3431 3376 3483 vos,
3402 3416 3452 3467 in
3492 3430 3605 3482 per-

2018 3520 2146 3559 sona
2172 3503 2364 3558 Christi
2393 3502 2481 3575 (II
2501 3503 2621 3557 Cor.
2656 3521 2717 3568 ll,
2749 3505 2857 3575 10).
2886 3506 3016 3572 Qum
3045 3519 3273 3574 persona
3307 3513 3475 3559 toturn
3511 3505 3605 3558 ha-

2022 3593 2156 3650 bens
2184 3594 2327 3664 quod
2360 3604 2441 3648 est
2473 3593 2591 3656 Dei,
2626 3600 2794 3649 totum
2827 3595 3028 3650 habens
3058 3596 3203 3665 quod
3237 3607 3318 3651 est
3348 3597 3601 3661 hominis,

2018 3687 2285 3741 veraciter
2312 3684 2443 3741 dicit
2475 3686 2614 3754 quod
2655 3686 2890 3742 Joannes
2916 3689 3243 3756 evangelista
3270 3702 3601 3743 commemo-

2020 3785 2105 3831 rat
2138 3794 2149 3830 :
2186 3775 2350 3831 Nemo
2372 3777 2595 3831 ascendit
2617 3778 2666 3830 in
2701 3779 2902 3844 cretum,
2930 3780 3029 3832 nisi
3049 3780 3136 3846 qui
3166 3778 3230 3832 de
3256 3780 3378 3833 (mlo
3401 3779 3606 3832 descen-

2021 3868 2136 3933 dit,
2188 3869 2327 3936 ﬁlius
2365 3868 2581 3921 hominis
2606 3909 2621 3933 ,
2666 3870 2755 3936 qui
2795 3877 2867 3921 est
2898 3870 2948 3921 in
2979 3868 3104 3923 coelo
3140 3868 3322 3939 (loan.
3372 3885 3461 3933 Ill,
3496 3868 3603 3935 15).

2020 3956 2303 4024 Quomodo
2330 3958 2473 4010 enim
2508 3954 2665 4010 nemo
2691 3958 2930 4012 ascendit
2962 3959 3013 4011 in
3039 3960 3258 4023 emlum,
3292 3960 3390 4014 nisi
3424 3961 3511 4030 qui
3540 3962 3607 4015 de

2019 4048 2160 4103 cmlo
2190 4047 2509 4112 descendit,
2554 4046 2598 4102 si
2627 4062 2733 4102 non
2766 4057 2849 4103 est
2874 4062 2974 4102 uua
3009 4048 3205 4105 Christi
3234 4064 3484 4120 persona,
3515 4051 3605 4119 qui

2017 4138 2301 4193 descendit
2328 4147 2381 4193 et
2422 4139 2705 4193 ascendit?
2737 4141 2923 4195 Nonne
2950 4142 2993 4196 si
3024 4141 3155 4197 duas
3188 4143 3387 4198 habere
3416 4159 3603 4212 perso—

2020 4246 2114 4285 nas
2141 4238 2371 4299 putetur,
2404 4230 2504 4285 alia
2535 4231 2637 4286 erit
2670 4232 2787 4287 sine
2832 4231 2995 4287 dubio
3024 4247 3247 4301 persona
3277 4236 3603 4303 suscepti-ix,

2019 4323 2119 4375 alia
2154 4336 2381 4391 persona
2428 4324 2719 4391 suscepta?
2762 4323 2865 4377 alia
2909 4340 3028 4393 qua:
3055 4332 3137 4379 est
3189 4325 3257 4380 de
3290 4326 3398 4381 Deo
3446 4326 3603 4383 Patre

2019 4422 2162 4480 nata,
2194 4413 2297 4467 alia
2326 4428 2445 4482 qua:
2473 4422 2552 4467 est
2574 4414 2666 4468 Dei
2696 4413 2852 4480 Filio,
2886 4416 3097 4485 quando
3123 4417 3389 4472 iucarnari
3415 4419 3604 4486 voluit,

2020 4505 2287 4558 adunata?
2320 4506 2384 4557 Et
2408 4506 2451 4559 si
2486 4504 2558 4559 ita
2585 4514 2685 4572 est,
2710 4509 3009 4576 susceptrix
3042 4524 3270 4578 persona
3302 4510 3606 4576 descendit,

2025 4607 2081 4649 ut
2106 4596 2425 4650 ascenderet
2456 4611 2685 4665 persona
2722 4611 3002 4669 suscepta;
3031 4616 3080 4654 et
3106 4600 3214 4671 jam
3241 4602 3432 4656 falsum
3457 4602 3558 4656 erit
3593 4621 3606 4655 :

2028 4686 2192 4740 Nemo
2226 4688 2450 4740 ascendit
2487 4688 2540 4741 in
2572 4689 2783 4757 caelum,
2818 4692 2919 4743 nisi
2958 4693 3042 4759 qui
3074 4692 3137 4746 de
3168 4696 3293 4748 τωίο
3321 4694 3599 4747 descendit.

2025 4776 2309 4831 Descendit
2332 4778 2472 4833 enim
2503 4795 2731 4847 persona
2757 4781 2879 4836 Filii
2911 4782 3005 4838 Dei
3034 4794 3090 4839 et
3114 4785 3357 4840 ascendit
3385 4801 3608 4853 persona

2026 4866 2276 4934 hominis,
2303 4884 2365 4922 ac
2395 4872 2602 4927 sicnon
2633 4871 2725 4927 illa
2758 4888 2873 4943 qum
2900 4875 3179 4930 descendit
3201 4876 3461 4931 ascendit.
3500 4877 3608 4932 lloc

2022 4957 2314 5013 secundum
2352 4962 2667 5026 pravitatem
2715 4964 2869 5019 malae
2896 4964 3265 5034 intelligentim
3289 4980 3472 5019 eorum
3519 4970 3606 5038 qui

2023 5048 2295 5117 duplicant
2326 5049 2599 5107 Christum
2625 5095 2640 5118 ,
2684 5053 2992 5123 disputandi
3027 5057 3320 5111 necessitas
3346 5061 3609 5127 compulit

2022 5137 2188 5210 loqui.
2229 5139 2497 5196 Caeterum
2523 5142 2647 5198 ideo
2666 5160 2795 5200 vere
2825 5162 2984 5201 nemo
3022 5148 3264 5201 ascendit
3302 5149 3354 5202 in
3388 5151 3605 5218 omium,

2023 5233 2127 5288 nisi
2153 5233 2241 5302 qui
2270 5234 2333 5287 de
2356 5236 2496 5290 caelo
2526 5236 2824 5302 descendit,
2854 5238 2974 5308 quia
3019 5256 3123 5294 una
3156 5248 3239 5295 est
3266 5243 3607 5299 ascendentis

2024 5322 2511 5393 descendentiqu
2534 5339 2784 5393 persona,
2824 5329 3115 5384 secundum
3147 5341 3386 5385 naturam
3416 5333 3609 5389 divini-

2026 5412 2150 5465 tatis
2193 5413 2480 5469 inclinante
2507 5416 2850 5474 miseratione
2880 5420 3219 5477 descendens
3246 5467 3261 5491 ,
3309 5425 3606 5481 secundum

2023 5511 2268 5558 naturam
2324 5504 2671 5565 humanitatis
2736 5524 2859 5564 cum
2925 5521 3126 5581 tropmo
3188 5515 3607 5573 immortalitatis

2022 5596 2340 5651 ascendc-ns.
2374 5599 2504 5653 lloic
2524 5600 2669 5654 enim
2702 5603 2776 5656 rei
2810 5604 3169 5661 testimonium
3202 5608 3336 5661 dans
3366 5609 3603 5679 gentium

2018 5688 2246 5755 Doctor,
2279 5699 2461 5759 aperte
2490 5693 2637 5762 ponit
2667 5712 2679 5749 :
2714 5695 2812 5764 Qui
2841 5700 3134 5767 descendit,
3184 5703 3290 5772 ipse
3334 5688 3406 5756 est
3436 5712 3481 5757 et
3522 5702 3604 5768 qui
