3998 6202
390 313 498 372 8ἓῦ

1316 313 1674 371 FULCENTiI
1722 309 2068 366 FERRANDI
2115 310 2383 366 DIACONI
2416 309 2766 366 CARTIIAG.

3561 308 3667 362 9ιῦ

392 425 622 485 ascendit
658 425 875 497 (Ep/tes.
924 440 994 491 tv,
1029 424 1116 493 19)
1153 443 1165 477 :
1200 425 1313 494 ipse
1344 425 1519 496 plane.
1574 441 1677 481 non
1716 422 1882 487 alius;
1922 432 1975 477 et
2002 423 2054 482 Α
2084 430 2184 486 ret,
2214 420 2315 485 Qui
2348 438 2428 477 me
2462 422 2633 487 videt,-
2657 421 2769 491 jam
2797 423 2944 477 visus
2986 419 3038 475 in
3081 434 3264 486 carne,
3296 419 3463 475 videri
3493 421 3671 476 adhuc

394 515 441 572 si
468 532 574 572 non
613 515 779 585 alius,
815 530 916 569 una
970 530 1221 585 prorsus,
1266 517 1453 570 eadem
1502 514 1978 586 inseparabilisque

397 621 642 675 persona,
671 605 739 660 de
766 621 870 675 qua
916 616 1059 660 recte
1082 606 1280 661 dicitur
1312 623 1325 660 :
1361 606 1528 660 Nemo
1551 607 1780 661 ascendit
1805 607 1858 660 in
1883 621 1980 661 ro:-

394 698 525 763 lum,
543 696 646 750 nisi
666 698 752 763 qui
772 700 836 751 de
853 696 982 751 calo
1004 698 1263 752 descendit
1291 696 1472 768 (Joan.
1504 714 1583 763 Ill,
1619 699 1706 768 13)
1732 715 1746 764 ;
1773 708 1828 752 et
1857 713 1979 767 pro-

393 798 516 860 pter
545 803 702 858 quam
734 789 902 844 tardis
947 790 1217 846 mentibus
1260 772 1631 844 inculcandam
1677 790 1981 845 rectissime

2080 512 2268 567 volens
2321 513 2374 568 in
2401 512 2718 579 divinitate,
2765 514 2862 569 sed
2891 513 3095 568 diceret
3133 512 3346 582 potius,
3392 512 3494 579 Qui
3528 512 3670 566 videt

2080 605 2247 660 Deum
2276 620 2479 672 meum,
2511 605 2655 660 videt
2697 621 2985 675 personam
3018 605 3110 660 Dei
3141 606 3270 661 mei.
3301 605 3436 673 Quid
3464 615 3547 660 est
3577 621 3671 663 au-

2082 704 2189 751 tem
2235 696 2417 751 dicere
2453 696 2652 751 videnti
2701 711 2783 763 se,
2819 697 2923 762 Qui
2951 697 3085 750 videt
3132 713 3211 751 me
3243 739 3257 763 ,
3309 695 3411 752 nisi
3440 695 3621 752 dicere
3653 715 3670 751 z

2082 784 2195 856 Ego
2222 800 2341 841 sum
2367 787 2454 855 qui
2484 786 2690 853 videor,
2718 801 2818 857 ego
2848 787 2941 856 qui
2975 801 3079 841 non
3110 786 3334 841 videor?
3363 787 3429 842 Et
3459 788 3549 857 qui
3584 804 3673 844 me

400 887 736 950 sequeretur,
784 877 956 937 Filius
982 879 1201 935 hominis
1229 883 1319 951 qui
1341 890 1415 935 est
1449 882 1501 936 in
1529 882 1675 935 εωιο.
1708 880 1809 936 llic
1836 883 1980 936 enim
2078 876 2188 945 jam
2222 877 2352 932 foris
2381 876 2668 932 carnaliter
2696 877 2862 943 videt,
2891 878 2937 932 si
2970 877 3112 932 videt
3156 877 3301 932 intus
3327 877 3671 947 spiritaliter,

396 988 581 1041 quaero
612 989 625 1025 :
650 972 696 1027 si
722 988 826 1028 non
851 981 935 1028 est
961 987 1061 1049 una
1090 973 1180 1028 Dei
1210 972 1549 1042 hominisque
1572 987 1822 1041 persona,
1850 986 1983 1041 quo-

399 1064 560 1119 modo
589 1063 722 1120 dicit
750 1081 763 1117 :
797 1062 968 1120 Filius
999 1065 1218 1119 hominis
1256 1065 1343 1134 qui
1371 1073 1442 1118 est
1470 1065 1524 1117 in
1564 1065 1723 1129 creto,
1766 1062 1984 1133 quando

396 1154 573 1214 adhuc
617 1155 845 1214 necdum
900 1170 1088 1224 passus
1132 1154 1451 1226 loquebatur
1497 1156 1547 1209 in
1577 1154 1810 1209 saiculo?
1851 1154 1986 1221 Quo-

398 1247 560 1302 modo
589 1255 693 1309 est,
725 1246 986 1317 inquam,
1035 1247 1308 1316 quomodo
1337 1256 1423 1303 est
1468 1248 1517 1301 in
1546 1248 1685 1302 coelo
1716 1247 1856 1302 filius
1885 1246 1984 1302 ho-

399 1337 561 1391 ruinis
587 1345 713 1391 ante
742 1344 969 1392 mortem
1001 1339 1198 1403 crucis,
1230 1348 1353 1392 ante
1379 1338 1605 1410 gloriam
1637 1339 1987 1393 resurrectio-

403 1429 487 1481 nis
512 1457 551 1493 ρ
578 1434 702 1481 ante
734 1426 1063 1495 triumphum
1092 1430 1443 1493 ascensionis,
1476 1428 1578 1483 nisi
1609 1429 1732 1498 quia
1764 1429 1990 1483 adluesit

402 1514 469 1573 ad
503 1516 760 1570 unitatem
786 1530 1027 1583 persona:
1049 1516 1183 1573 Filio
1208 1518 1322 1583 Dei,
1354 1519 1442 1586 qui
1467 1534 1736 1589 nunquam
1768 1521 1991 1575 recessit

408 1621 475 1665 ex
515 1608 684 1672 cmlo;
714 1618 768 1665 et
797 1609 918 1664 ideo
944 1620 1023 1665 est
1056 1609 1198 1665 filius
1230 1596 1457 1666 hominis
1484 1610 1534 1665 in
1566 1611 1726 1675 coelo,
1755 1612 1876 1679 quia
1919 1612 1988 1666 ibi

409 1706 494 1752 est
523 1712 736 1769 semper
763 1698 927 1755 Filius
961 1699 1075 1766 Dei,
1118 1702 1208 1770 qui
1241 1700 1412 1756 factus
1440 1709 1523 1757 est
1553 1701 1694 1757 ﬁlius
1716 1702 1993 1757 hominis?

2088 983 2196 1022 non
2223 967 2475 1032 alterum,
2506 967 2600 1024 sed
2632 984 2752 1032 me;
2787 966 2874 1022 hic
2907 966 3146 1036 profecto
3172 968 3259 1036 qui
3290 968 3369 1022 sic
3394 969 3539 1023 videt
3564 986 3672 1035 me,

2086 1058 2232 1115 videt
2259 1068 2315 1116 et
2344 1060 2579 1115 Patrem.
2605 1059 2673 1114 Et
2693 1070 2912 1115 secutus
2943 1060 3156 1115 statim:
3192 1059 3305 1131 Ego
3336 1062 3389 1114 in
3423 1059 3605 1128 Patre,
3627 1071 3677 1117 et

2090 1150 2252 1205 Pater
2278 1153 2331 1207 in
2365 1169 2443 1206 me
2468 1151 2662 1221 (Ibid.,
2688 1153 2800 1221 10).
2835 1152 3063 1220 Quando
3090 1153 3292 1208 diceret
3319 1168 3448 1208 caro
3481 1164 3675 1210 morta-

2090 1244 2173 1308 lis,
2216 1242 2324 1313 Ego
2354 1244 2407 1297 in
2438 1242 2613 1308 Patre,
2653 1253 2699 1297 et
2742 1242 2901 1298 Pater
2946 1245 2998 1298 in
3024 1261 3145 1310 me,
3176 1245 3279 1299 nisi
3314 1246 3428 1314 ipse
3461 1256 3674 1315 propter

2092 1336 2351 1391 unitatem
2391 1349 2637 1404 personae
2665 1345 2810 1391 esset
2839 1334 2981 1392 Deus
3009 1336 3350 1402 immortalis,
3378 1339 3469 1407 qui
3500 1338 3673 1391 cruci-

2094 1426 2334 1496 figendus
2373 1426 2547 1480 fuerat
2594 1426 2756 1480 homo
2806 1426 3086 1481 mortalis?
3141 1426 3279 1483 Audi
3326 1443 3449 1482 eum
3505 1428 3675 1482 adhuc

2093 1516 2251 1570 unius
2282 1531 2402 1571 esse
2437 1516 2721 1571 veritatem
2770 1529 3016 1585 persona:
3062 1515 3236 1571 modis
3278 1515 3515 1585 pluribus
3550 1516 3677 1571 alle-

2094 1616 2334 1677 gantem.
2364 1605 2515 1677 ~Cum
2565 1607 2921 1676 interrogaret
2966 1605 3257 1674 discipulos
3294 1621 3426 1661 suos
3466 1624 3480 1658 :
3519 1607 3677 1673 Quem

2095 1714 2195 1762 me,
2228 1697 2420 1768 inquit,
2452 1698 2627 1750 dicunt
2650 1696 2878 1749 homines
2904 1711 3010 1749 esse
3032 1696 3196 1763 ﬁlium
3218 1696 3676 1767 hominisUIaIth.

406 1789 597 1845 Mirum
629 1790 826 1860 quippe
853 1834 866 1856 ,
921 1793 1113 1846 mirum
1141 1836 1156 1860 ,
1205 1793 1306 1847 nisi
1340 1794 1690 1863 intelligatur,
1741 1805 1982 1863 apparet.
2019 1795 2062 1853 Β
2094 1806 2205 1855 xvi,
2236 1789 2360 1859 ιδῃ
2404 1788 2535 1844 Post
2562 1789 2846 1859 opiniones
2876 1787 3074 1842 multas
3102 1796 3157 1843 et
3201 1787 3372 1841 varias
3400 1786 3676 1841 hominum

407 1879 666 1937 Dominus
694 1881 825 1936 dicit
857 1900 870 1935 :
899 1880 1067 1937 Nemo
1094 1884 1323 1937 ascendit
1355 1886 1408 1937 in
1436 1884 1639 1951 cretum,
1680 1886 1782 1939 nisi
1808 1887 1897 1956 qui
1926 1888 1990 1941 de

405 1972 533 2023 caelo
594 1970 884 2037 descendit;
924 1981 978 2025 et
1006 1972 1155 2042 quasi
1200 1972 1548 2043 interrogaret
1579 1975 1770 2044 aliquis
1803 1993 1815 2027 :
1860 1976 1991 2044 Quis

409 2070 495 2115 est
524 2061 662 2116 iste?
707 2063 985 2117 confestim
1017 2064 1133 2118 sine
1170 2065 1502 2121 dubitatione
1546 2067 1861 2136 respondit:
1896 2066 1993 2121 Fi-

408 2152 510 2209 lius
540 2152 758 2210 hominis
786 2155 875 2225 qui
895 2165 965 2212 est
988 2158 1040 2210 in
1073 2158 1218 2213 coelo.
1256 2158 1300 2212 Ο
1328 2158 1553 2215 Domine
1579 2160 1728 2227 Jesu,
1763 2161 1817 2215 lu
1842 2163 1991 2230 prin-

418 2246 504 2312 pio
537 2246 792 2314 Verbum,
840 2256 895 2303 et
926 2249 1156 2304 Verbum
1188 2252 1327 2319 apud
1361 2250 1551 2317 Deum,
1582 2264 1635 2307 et
1676 2252 1817 2309 Deus
1859 2253 1991 2308 Ver-

410 2338 567 2404 bum;
605 2352 783 2395 nonne
806 2349 1091 2409 antequam
1115 2341 1495 2409 descenderes,
1523 2351 1579 2398 et
1615 2343 1842 2398 Verbum
1868 2359 1994 2399 caro

413 2428 569 2483 ﬁeres
597 2439 651 2483 et
681 2428 951 2485 habilares
986 2432 1036 2485 in
1069 2431 1244 2500 nobis,
1290 2432 1429 2490 Dens
1462 2444 1665 2490 tantum
1699 2435 1865 2503 fuisti,
1896 2436 1996 2491 Pa-

411 2520 480 2574 tri
506 2530 559 2576 et
585 2520 804 2592 Spiritui
836 2536 1022 2578 saneto
1069 2525 1565 2594 consubstantialis,
1602 2539 1761 2598 atque
1806 2545 1910 2583 una
1941 2532 1993 2585 in

414 2612 676 2669 Trinitate
704 2617 967 2684 persona?
1005 2618 1284 2689 Quomodo
1320 2634 1447 2688 ergo
1495 2633 1637 2674 nunc
1665 2619 1746 2674 ais
1779 2638 1791 2673 :
1827 2621 1996 2675 Nonio

410 2706 637 2760 ascendit
659 2708 713 2760 in
738 2708 944 2774 ctutum,
984 2710 1087 2762 nisi
1110 2710 1199 2777 qui
1227 2710 1291 2764 de
1321 2710 1447 2766 calo
1476 2711 1770 2777 descendit;
1806 2722 1860 2768 et
1887 2723 1993 2768 stac

416 2798 508 2849 tim
540 2811 823 2865 personam
846 2798 1222 2855 descendentis
1245 2802 1519 2856 insinuans
1547 2804 1807 2872 sequeris,
1827 2802 1999 2859 Filius

411 2886 634 2942 hominis
672 2890 762 2957 qui
791 2899 864 2943 est
893 2891 944 2944 in
990 2891 1115 2945 (mlo
1139 2892 1164 2943 .9
1211 2893 1490 2959 Quomodo
1534 2894 1815 2951 descendit
1858 2895 1998 2949 filius

414 2978 669 3044 hominis,
700 2989 984 3050 antequam
1017 2991 1070 3036 tu
1105 2983 1257 3037 lieres
1288 2985 1427 3038 filius
1456 2985 1707 3053 hominis,
1741 2987 1841 3040 nisi
1866 3002 1997 3056 quo-

384 3070 555 3141 _tiiattt
586 3079 638 3125 tu
670 3072 758 3141 qui
784 3087 906 3126 eras
934 3072 1000 3128 ab
1029 3074 1178 3129 initio
1210 3074 1376 3130 Filius
1402 3077 1521 3141 Dei,
1552 3087 1605 3130 tu
1631 3076 1772 3131 Deus
1805 3077 1993 3146 unige-

2094 1882 2289 1953 quibus
2318 1881 2405 1936 alii
2438 1882 2608 1936 Eliam
2629 1924 2642 1946 ,
2674 1881 2763 1935 alii
2791 1880 3079 1935 Jeretniam
3107 1922 3123 1947 ,
3169 1880 3256 1934 alii
3290 1876 3549 1934 Joannem
3588 1880 3678 1934 Ba-

2098 1973 2323 2044 ptistam
2349 2015 2362 2037 ,
2415 1972 2505 2027 alii
2540 1987 2700 2027 unum
2735 1986 2801 2026 ex
2848 1969 3121 2040 prophetis
3166 1971 3522 2039 opinabantur
3562 1983 3681 2024 esse

2096 2065 2367 2121 Christum
2416 2063 2547 2127 Dei,
2593 2062 2876 2116 Dominum
2907 2063 3318 2132 pr0phetarum,
3350 2061 3682 2131 distinguere

2096 2171 2155 2212 se
2178 2155 2443 2210 Dominus
2474 2169 2503 2209 a
2537 2152 2751 2209 famulis
2783 2134 2992 2219 volens,
3031 2168 3298 2222 unumque
3326 2166 3386 2207 se
3412 2150 3680 2207 Christum

2070 2249 2373 2304 inculcare
2407 2245 2714 2302 videntibus
2743 2247 2962 2315 cupiens
2991 2263 3004 2297 :
3045 2243 3149 2299 Vos
3183 2257 3373 2311 autem,
3402 2246 3512 2310 ait,
3536 2263 3681 2316 quem

2096 2356 2177 2392 me
2215 2356 2319 2393 esse
2346 2339 2515 2392 dicitis
2545 2336 2734 2409 (Ibid.,
2766 2337 2897 2407 15)?
2926 2336 3218 2406 Respondit
3261 2338 3454 2392 Petrus
3484 2356 3497 2391 :
3524 2337 3611 2391 Tu
3638 2356 3683 2392 cs

2098 2430 2329 2485 Christus
2359 2428 2533 2483 Filius
2577 2427 2674 2482 Dei
2711 2430 2806 2481 vivi
2836 2426 2993 2497 (Ibid.
3020 2472 3035 2495 ,
3085 2428 3194 2497 ib).
3228 2429 3324 2482 ilic
3350 2429 3394 2482 si
3426 2445 3529 2483 una
3562 2444 3683 2498 per-

2097 2538 2228 2577 sona
2264 2522 2383 2575 Filii
2433 2521 2525 2576 Dei
2556 2530 2610 2575 ct
2652 2521 2743 2575 lilii
2773 2521 3001 2575 hominis
3033 2536 3136 2575 non
3170 2520 3383 2584 fuisset,
3415 2522 3686 2591 quomodo

2097 2614 2282 2668 beatus
2315 2612 2502 2667 Petrus
2546 2613 2851 2681 appellante
2879 2628 2938 2668 sc
2966 2612 3180 2668 Christo
3220 2614 3383 2669 filium
3416 2615 3680 2679 hominis,

2097 2706 2243 2761 velut
2286 2704 2683 2761 contradiceret
2731 2706 2954 2761 adderet
2988 2723 3000 2757 :
3048 2705 3124 2758 Tu
3156 2723 3207 2759 es
3250 2705 3486 2760 Christus
3516 2704 3570 2758 F
3574 2708 3688 2762 ilius

2103 2797 2198 2851 Dei
2223 2798 2361 2851 vivi?
2384 2797 2632 2853 Christus
2659 2797 2786 2853 dicit
2831 2816 2841 2851 :
2886 2815 2965 2851 me
2991 2798 3158 2867 ﬁlium
3184 2798 3404 2852 hominis
3443 2812 3462 2850 :
3501 2797 3688 2852 Petrus

2098 2888 2261 2954 dicit,
2295 2887 2376 2942 Tu
2406 2906 2457 2944 es
2488 2887 2659 2944 Filius
2700 2886 2798 2943 Dei
2835 2890 2955 2943 vivi.
2988 2889 3042 2944 Si
3082 2905 3188 2943 non
3234 2896 3318 2944 est
3362 2904 3461 2942 una
3491 2888 3689 2943 Christi

2103 2996 2352 3050 persona,
2386 2984 2453 3039 de
2481 2983 2586 3037 alio
2632 2982 2823 3038 Petrus
2851 2983 3234 3054 interrogatur,
3266 2982 3427 3036 alium
3463 2982 3688 3037 conﬁte-

2103 3085 2206 3127 tur.
2239 3072 2622 3144 lnterrogatur,
2658 3072 2819 3140 Quem
2845 3090 2922 3127 me
2944 3090 3054 3129 esse
3072 3074 3246 3128 dicunt
3269 3074 3501 3129 homines
3522 3075 3693 3143 ﬁlium

413 3161 577 3229 nitus,
614 3172 667 3217 tu
700 3178 801 3218 una
849 3165 902 3218 in
945 3165 1203 3221 Trinitate
1234 3182 1461 3235 persona
1481 3210 1495 3233 ,
1546 3167 1716 3223 factus
1747 3184 1806 3223 es
1857 3168 1997 3224 filius
2023 3152 2069 3217 C
2105 3166 2363 3220 hominis?
2386 3174 2440 3221 et
2463 3164 2749 3234 respondet
2776 3183 2788 3219 :
2815 3164 2894 3219 Tu
2918 3182 2970 3220 es
2991 3164 3228 3220 Christus
3251 3164 3422 3221 Filius
3448 3166 3547 3220 Dei
3571 3167 3691 3220 visi.

417 3257 678 3324 hominis;
724 3266 779 3314 et
807 3259 888 3312 sic
918 3259 1086 3315 factus
1116 3275 1175 3316 es
1221 3260 1361 3316 filius
1390 3262 1641 3329 hominis,
1674 3272 1730 3317 ιιι
1760 3276 1865 3316 non
1911 3264 1992 3314 al-

414 3356 529 3402 tera
557 3357 702 3403 esset
733 3364 961 3417 persona
995 3359 1106 3417 tua,
1135 3351 1300 3405 altera
1329 3351 1419 3405 filii
1445 3351 1715 3407 hominis?

487 3436 540 3489 6.
578 3436 702 3491 Ha-c
733 3438 963 3507 denique
994 3455 1096 3493 una
1127 3441 1555 3508 commendatur,
1599 3444 1812 3511 quando
1860 3442 1997 3497 Pha-

414 3526 554 3582 rismi
587 3527 993 3600 interrogantur
1016 3546 1047 3585 a
1076 3528 1291 3587 Christo
1323 3549 1338 3587 :
1372 3533 1508 3600 Quid
1536 3536 1672 3589 vobis
1700 3535 1899 3589 videtur
1934 3536 1998 3589 de

415 3612 662 3679 Christo?
688 3620 837 3690 cujus
860 3619 1001 3685 ﬁlius
1029 3630 1104 3675 est
1128 3620 1343 3694 (Matth.
1380 3638 1510 3690 xx",
1535 3623 1662 3692 ηρ
1686 3624 1753 3679 Ει
1782 3639 1998 3693 respon-

414 3706 686 3783 dentibus,
717 3707 905 3776 Darid,
937 3710 1067 3767 dicit
1091 3712 1247 3768 Jesus
1279 3732 1291 3766 :
1322 3714 1589 3778 Quomodo
1605 3730 1726 3786 ergo
1749 3714 1916 3768 David
1948 3717 1998 3769 in

414 3799 598 3871 spiritu
627 3810 770 3871 vocat
808 3817 924 3856 eum
966 3801 1274 3872 Dominum,
1308 3806 1480 3861 dicens
1516 3824 1534 3861 :
1567 3807 1714 3861 Dixit
1749 3805 2001 3862 Dominus

418 3882 637 3947 Domino
680 3910 810 3962 meo,
846 3895 981 3957 Sede
1010 3900 1077 3952 ad
1108 3900 1367 3954 dexteram
1398 3917 1583 3969 meam,
1619 3901 1782 3955 donec
1812 3916 2000 3971 ponam

415 3982 648 4047 inimicos
673 3996 786 4047 tuos
814 3988 1092 4051 scabellttm
1132 3991 1317 4059 pedum
1342 4002 1544 4047 tuorum
1575 3991 1750 4064 (Psal.
1776 4008 1888 4059 CIX,
1911 3993 2002 4062 i)?

421 4074 586 4137 David
614 4080 754 4143 enim
788 4087 943 4141 vocat
973 4096 1092 4139 eum
1127 4082 1432 4149 Dominum,
1470 4092 1525 4137 et
1564 4083 1834 4153 quomodo
1863 4084 2003 4138 filius

417 4169 533 4237 ejus
560 4170 677 4225 est?
719 4170 816 4226 Ubi
864 4171 1118 4228 Pharisaei
1146 4174 1360 4241 quidem
1392 4175 1623 4229 convicti
1661 4183 1787 4229 sunt
1824 4185 1877 4230 et
1905 4176 2004 4229 ltu-

418 4261 636 4329 rniliati;
669 4263 767 4319 sed
799 4278 894 4319 nos
935 4273 1135 4331 tamen,
1168 4267 1210 4320 si
1238 4267 1323 4335 pie
1352 4282 1681 4336 quaeramus,
1713 4268 1999 4325 admoniti.

416 4354 593 4419 Quare
621 4355 762 4408 enim
788 4354 926 4408 filius
972 4355 1141 4409 David
1190 4356 1454 4413 Dominus
1487 4359 1685 4420 David,
1739 4360 1842 4414 nisi
1877 4362 2001 4427 quia

424 4443 682 4507 Dominus
733 4443 897 4503 David
931 4444 1045 4513 ipsc
1086 4444 1262 4503 faetus
1315 4457 1396 4503 est
1443 4450 1584 4511 filius
1634 4450 1832 4507 David?
1866 4451 1998 4507 Nam

2100 3256 2207 3312 Sed
2252 3258 2297 3312 si
2346 3257 2538 3313 beatus
2570 3258 2760 3312 Petrus
2794 3274 3063 3328 nunquam
3113 3260 3396 3314 meruisset
3447 3258 3696 3329 magistri

2099 3366 2351 3408 sermone
2381 3352 2608 3422 laudari,
2642 3352 2743 3406 nisi
2778 3352 2949 3423 ipsum
2984 3350 3337 3407 confiteretur
3364 3352 3432 3407 de
3459 3367 3570 3422 quo
3618 3351 3692 3405 in-

2102 3445 2473 3516 terrogabatur
2494 3489 2508 3513 ,
2558 3460 2588 3499 a
2617 3460 2723 3515 quo
2755 3446 2805 3499 ei
2832 3444 3057 3510 diceret,
3092 3444 3203 3509 Tu,
3232 3459 3260 3497 a
3287 3458 3395 3512 quo
3422 3443 3691 3509 audierat,

2102 3537 2182 3591 Me
2202 3579 2217 3602 ,
2257 3539 2373 3606 Ipse
2401 3548 2481 3592 εει
2510 3537 2651 3592 filius
2682 3537 2913 3591 hominis
2938 3580 2953 3606 ,
3003 3535 3092 3604 qui
3122 3546 3204 3592 est
3244 3535 3410 3590 Filius
3442 3536 3539 3591 Dei
3564 3535 3690 3591 vivi.

2103 3625 2179 3681 De
2216 3641 2321 3695 quo
2350 3626 2546 3680 Paulus
2575 3624 2641 3679 ad
2684 3624 2934 3681 llebracos
2981 3625 3247 3691 scribens,
3294 3634 3350 3679 ut
3382 3627 3539 3679 unius
3569 3642 3691 3679 eum

2114 3735 2357 3790 persona
2383 3734 2599 3788 semper
2621 3721 2890 3784 ostendat,
2917 3719 2988 3773 ita
3018 3718 3090 3772 ait
3123 3733 3138 3773 :
3164 3717 3318 3773 Iesus
3333 3717 3568 3772 Christus
3592 3719 3702 3772 ha'i

2102 3822 2150 3867 et
2171 3811 2342 3879 hodie,
2374 3812 2484 3882 ipse
2504 3820 2578 3865 est
2603 3824 2648 3865 et
2678 3811 2732 3864 in
2754 3810 2943 3865 sarcula
2969 3808 3154 3881 (Hebr.
3187 3825 3308 3872 xm,
3333 3808 3412 3877 8).
3452 3809 3553 3864 Ubi
3586 3811 3697 3877 ipse

2105 3905 2247 3975 quod
2277 3904 2447 3960 semel
2498 3905 2716 3973 posuit,
2767 3903 2928 3957 etiam
2960 3911 3042 3958 ter
3071 3902 3294 3972 intelligi
3324 3902 3519 3968 voluit,
3578 3912 3691 3955 tan-

2106 4012 2265 4067 quam
2296 3996 2500 4051 diceret
2530 4012 2543 4047 :
2573 3993 2726 4049 Jesus
2750 3991 2989 4049 Christus
3031 3995 3142 4061 ipse
3176 3994 3283 4046 heri
3306 4034 3321 4060 ,
3366 3995 3475 4064 ipse
3519 3991 3693 4051 hodie.

2105 4090 2214 4159 ipse
2232 4098 2281 4142 et
2310 4089 2363 4141 in
2389 4087 2579 4142 stecula
2601 4101 2623 4141 :
2645 4087 2778 4153 heri,
2806 4094 3088 4157 antequam
3123 4086 3391 4155 acciperet
3441 4101 3693 4150 carnem;

2110 4182 2298 4249 hodie,
2329 4180 2733 4251 quando,jnxta
2774 4178 3081 4234 vaticinium
3110 4178 3359 4233 Jeremim
3392 4179 3693 4247 propheta,

2109 4273 2211 4329 Hic
2241 4275 2375 4329 Deus
2403 4285 2592 4335 noster,
2621 4282 2667 4326 et
2689 4288 2791 4326 non
2816 4272 3155 4325 wstimabitur
3178 4272 3315 4325 alius
3336 4272 3530 4341 absque
3551 4272 3653 4324 illo
3677 4286 3695 4324 :

2108 4369 2194 4437 qui
2218 4368 2409 4422 invenit
2435 4380 2636 4421 omnem
2678 4366 2813 4418 viam
2838 4366 3087 4427 scientite,
3115 4373 3165 4417 et
3202 4364 3346 4418 dedit
3377 4380 3496 4418 eam
3532 4362 3695 4417 Iacob

2112 4477 2269 4527 puero
2293 4476 2409 4527 suo,
2440 4471 2487 4513 et
2515 4457 2681 4512 Israel
2711 4458 2897 4511 dilecto
2925 4473 3040 4511 suo.
3077 4455 3199 4510 Post
3231 4457 3339 4510 hazc
3369 4458 3420 4509 in
3450 4458 3604 4510 terris
3630 4458 3695 4509 ri-

420 4534 663 4604 ντυῖεεῐο
699 4537 743 4599 εἰ
775 4551 881 4599 non
910 4549 1055 4594 esset
1083 4556 1184 4595 una
1215 4540 1413 4596 Christi
1454 4556 1705 4611 persona,
1742 4560 1845 4597 mm
1875 4560 1993 4612 vos.
2031 4526 2085 4585 Β
2112 4526 2199 4607 sus
2226 4562 2339 4618 est,
2385 4526 2430 4606 et
2468 4568 2583 4605 cum
2632 4551 2921 4605 hominibus
2963 4560 3283 4603 conversatus
3323 4558 3398 4603 est
3432 4548 3584 4625 (Dur.
3622 4566 3697 4612 ιιι,

416 4638 500 4682 set
528 4641 647 4681 esse
678 4626 820 4693 ﬁlius
863 4627 1058 4694 David,
1086 4631 1345 4688 Dominus
1394 4633 1583 4689 David.
1633 4634 1739 4690 Sed
1777 4634 1896 4689 ideo
1926 4644 2005 4687 est

421 4718 565 4771 titius
600 4718 768 4773 David
796 4762 809 4787 ,
854 4719 1111 4785 Dominus
1145 4724 1331 4787 David,
1361 4726 1485 4793 quia
1519 4740 1801 4792 pereunam
1845 4742 2001 4795 «piam

424 4812 574 4865 habet
611 4811 867 4865 Dominus
893 4812 1078 4877 David,
1110 4814 1275 4883 ipsum
1309 4816 1471 4868 habet
1496 4816 1635 4876 filius
1666 4816 1851 4870 David.
1881 4818 2006 4872 litec

420 4918 523 4957 una
550 4918 797 4972 persona,
832 4904 1118 4972 postulanti
1151 4904 1394 4972 Philippo
1423 4915 1477 4963 et
1496 4906 1693 4961 dicenti
1724 4926 1736 4959 :
1765 4906 2000 4973 Domine,

420 4997 628 5050 ostende
661 4996 804 5051 nobis
835 4994 1067 5062 Pafrcm,
1100 5008 1144 5050 et
1176 4998 1357 5067 suﬁicit
1388 4998 1563 5063 nobis;
1595 5000 1785 5064 Tanto,
1816 5002 2003 5066 inquit,

420 5099 648 5156 tempore
692 5092 945 5145 vobiscum
987 5106 1101 5144 sum
1126 5132 1141 5157 ,
1177 5099 1223 5143 et
1253 5107 1354 5144 non
1392 5093 1696 5161 cognovistis
1730 5095 1844 5147 me?
1871 5092 2004 5146 ΡΙιὶ-

420 5182 575 5251 lippe.
599 5183 688 5249 qui
704 5197 783 5239 me
807 5183 962 5247 videt,
989 5184 1121 5238 videt
1151 5191 1198 5235 et
1229 5181 1455 5237 Patrem.
1491 5182 1757 5249 Quomodo
1779 5195 1835 5235 tu
1857 5184 2006 5247 dicis,

424 5272 645 5328 Ostende
662 5273 804 5327 nobis
835 5273 1233 5343 Patrem(.loan.
1260 5291 1368 5339 xrv,
1388 5274 1441 5337 8,
1466 5275 1559 5344 9)?
1581 5276 1712 5329 Cum
1731 5276 1872 5329 enim
1892 5276 2009 5329 l’hi-

422 5362 593 5429 lippus
619 5377 722 5415 non
752 5364 955 5425 videret
973 5368 1143 5421 oculis
1163 5369 1467 5423 carnalibus
1485 5368 1583 5421 nisi
1611 5369 1878 5421 Ιιοιιιίιιιιιη
1910 5372 1998 5439 qui

423 5455 760 5524 loquebatur,
803 5459 1004 5513 audivit
1050 5461 1150 5515 sibi
1184 5477 1274 5515 ore
1315 5460 1547 5515 hominis
1588 5463 1691 5517 diei
1727 5481 1740 5517 2
1779 5465 1879 5528 Qui
1923 5482 2000 5518 me

420 5549 574 5615 uidet,
599 5548 733 5601 videt
757 5559 805 5603 et
830 5549 1056 5605 Patrem.
1080 5552 1256 5619 Quare
1281 5554 1405 5618 hoc,
1431 5554 1532 5607 nisi
1554 5555 1673 5623 quia
1699 5555 1813 5621 ipse
1839 5555 2002 5608 homo

421 5650 505 5695 est
529 5639 690 5704 Deus,
722 5657 878 5710 quem
908 5645 997 5711 qui
1032 5644 1196 5709 videt,
1222 5645 1366 5699 videt
1391 5655 1445 5700 et
1470 5645 1721 5702 Patrem?
1750 5648 1999 5717 Alioquin

424 5732 467 5800 si
502 5749 603 5800 non
632 5745 771 5789 esset
799 5749 901 5788 una
938 5735 1026 5789 Dei
1063 5736 1398 5804 hominisque
1438 5752 1686 5804 persona,
1721 5757 1823 5794 non
1860 5743 2000 5796 dice-

2112 4643 2347 4715 56-38).
2376 4644 2501 4699 Sive
2539 4644 2718 4709 modo,
2751 4643 2964 4712 quando
2994 4644 3142 4698 se‘det
3171 4643 3236 4696 ad
3286 4626 3561 4697 dexteram
3605 4643 3697 4696 Ps-

2112 4736 2210 4790 tris
2244 4737 2297 4789 in
2325 4736 2542 4797 smeula,
2572 4735 2684 4789 sive
2710 4734 2926 4802 quando
2953 4734 3200 4803 judicare
3230 4744 3489 4789 venturus
3510 4746 3595 4788 est
3627 4736 3699 4785 vi-

2112 4839 2211 4879 vos
2247 4832 2300 4878 et
2353 4834 2593 4877 mortuos
2637 4822 2811 4889 (sicut
2856 4821 3032 4876 omnis
3082 4822 3317 4877 Ecclesia
3358 4820 3413 4876 in
3453 4823 3697 4895 symbolo

2112 4914 2441 4982 confitetur),
2470 4928 2686 4981 semper
2717 4914 2850 4981 ipse,
2884 4928 3149 4981 nunquam
3178 4912 3336 4966 alius.

2188 5008 2239 5061 7.
2271 5006 2500 5058 Carnem
2548 5004 2742 5071 quippe
2773 5003 3137 5074 suscipiendo,
3170 5013 3389 5057 naturas
3420 5003 3694 5064 adunavit,

2116 5110 2220 5149 non
2267 5110 2548 5164 personam
2579 5095 2895 5166 duplicavit.
2945 5094 3172 5147 Naturas
3205 5096 3360 5163 plane
3401 5094 3695 5156 adunavit,

2113 5186 2230 5239 sine
2260 5184 2577 5239 confusione
2620 5192 3019 5252 permanentes.
3052 5194 3105 5237 et
3134 5184 3183 5235 in
3220 5183 3417 5237 saacula
3451 5199 3695 5253 permano

2113 5291 2287 5330 suras.
2317 5276 2407 5329 Sic
2437 5276 2577 5329 cnim
2604 5274 2875 5339 adunavii,
2906 5286 2963 5328 ut
2994 5289 3091 5328 nec
3132 5274 3391 5329 divinitas
3420 5276 3471 5329 in
3505 5275 3695 5329 burna-

2115 5367 2333 5420 nitatem
2362 5377 2678 5430 minaretur,
2706 5381 2805 5420 nec
2837 5366 3136 5419 humanitas
3157 5381 3184 5417 a
3203 5366 3486 5421 divinitate
3509 5367 3695 5420 absor-

2112 5456 2353 5523 bcretnr,
2387 5458 2478 5511 sed
2518 5467 2744 5523 utraque
2768 5470 2957 5510 natura
2985 5456 3269 5511 incolumis
3295 5457 3561 5511 cusmdita
3582 5457 3694 5511 suis

2111 5552 2305 5605 officiis
2338 5560 2597 5617 uteretur,
2624 5550 2735 5605 suis
2764 5550 3014 5620 operibus
3042 5560 3443 5621 agnosceretur,
3476 5550 3582 5604 suis
3606 5564 3690 5602 no-

2112 5644 2347 5697 minibus
2394 5652 2701 5708 vocaretur,
2760 5650 3129 5697 verumtamen
3180 5642 3422 5710 personis
3468 5641 3691 5711 propriis

2112 5754 2216 5794 non
2251 5737 2685 5799 distingueretur.
2733 5735 2845 5789 Non
2878 5735 2955 5789 sic
2984 5736 3127 5789 enim
3156 5734 3398 5790 adunatre
3429 5745 3546 5799 sunt
3573 5732 3688 5786 dum
