3998 6202
347 350 447 413 9U

1510 344 1865 404 EPISTULA:
1906 346 1994 402 ET
2031 346 2293 403 OPUSCU
2306 348 2414 405 LA.

3522 356 3626 417 θιδ

346 464 663 523 substantiae
684 504 702 531 ,
742 458 921 519 divina
957 462 1162 518 scilicet
1187 472 1238 518 et
1268 461 1519 528 humana,
1552 471 1610 517 ut
1643 464 1797 517 ﬁeret
1822 478 1922 517 una
1952 464 2003 523 Α
2032 464 2263 520 tactum?
2293 480 2453 534 quam
2488 463 2767 522 videndam
2801 468 3158 538 promiserunt
3199 470 3397 542 angeli,
3439 471 3624 529 diecu-

360 558 693 622 sub>tantia;
725 554 820 611 sed
848 563 904 610 ut
932 564 1073 611 esset
1097 555 1257 609 unius
1288 569 1549 622 personae,
1575 561 1735 623 atque
1763 570 1829 608 ex
1852 556 1932 610 eis

343 649 503 704 unius
530 662 745 717 semper
772 648 1031 703 existeret
1057 646 1324 702 Christus.
1359 646 1512 704 Absit
1541 646 1685 702 enim
1719 654 1779 701 ut
1804 646 1929 702 dum

344 756 505 797 unam
529 741 672 811 cogit
691 740 890 796 veritas
917 739 1210 809 praedicare
1242 755 1550 811 personam,
1580 741 1712 796 duas
1734 740 1931 796 audea-

340 846 463 890 mus
483 846 682 903 negare
710 842 946 886 naturas.
973 830 1030 887 Si
1058 832 1201 887 enim
1223 842 1434 888 creator
1462 832 1636 889 factus
1665 840 1750 888 est
1779 847 1929 887 crea-

343 936 486 994 tura,
529 925 577 980 si
605 924 838 981 Verbum
867 927 1062 980 factum
1095 935 1179 980 est
1206 941 1353 992 caro,
1378 926 1424 981 si
1457 922 1598 981 Deus
1630 926 1819 981 habitu
1847 926 1930 979 in-

340 1028 533 1075 ventus
556 1026 637 1074 est
670 1026 730 1073 ut
755 1018 948 1082 homo;
974 1032 1075 1073 nec
1096 1028 1309 1074 creator
1337 1021 1533 1085 creari,
1563 1034 1664 1075 nec
1690 1018 1925 1075 Verbum

335 1126 467 1169 caro
488 1109 623 1177 ﬁeri,
646 1124 747 1165 nec
759 1110 899 1166 Deus
919 1124 1038 1166 esse
1059 1110 1221 1165 homo
1237 1111 1409 1181 potuit
1426 1111 1544 1166 sine
1570 1110 1795 1165 alterius
1816 1125 1927 1165 sus-

335 1204 587 1275 ceptione
607 1211 832 1259 naturae.
852 1203 975 1259 Etsi
993 1203 1160 1259 altera
1177 1214 1257 1259 est
1286 1213 1474 1259 natura
1505 1210 1780 1271 suscepta,
1797 1202 1918 1257 dote

334 1306 463 1351 sunt
482 1294 721 1366 proiecto
745 1303 973 1358 natum,
994 1309 1099 1350 non
1117 1311 1243 1350 una.
1264 1295 1368 1350 Sed
1398 1297 1442 1349 si
1462 1310 1527 1349 ex
1549 1296 1758 1350 duabus
1781 1295 1919 1349 facta

334 1405 459 1447 esse
487 1389 747 1445 asseritur
775 1402 899 1454 una,
930 1402 1049 1456 quas
1072 1386 1209 1442 facta
1242 1388 1312 1443 sit
1336 1388 1496 1443 debet
1526 1387 1767 1457 primitus
1794 1388 1921 1443 dici.

333 1483 594 1549 Quamvis
617 1481 760 1537 enim
792 1497 854 1534 ex
884 1479 1092 1533 duabus
1113 1480 1429 1535 substantiis
1473 1494 1576 1534 una
1614 1480 1788 1550 aliqua
1835 1480 1922 1535 vix

332 1573 510 1628 valeat
540 1572 654 1627 ﬁeri
680 1572 796 1626 sine
816 1570 1092 1641 ambarum
1124 1572 1438 1627 confusione
1466 1584 1555 1626 aut
1587 1574 1743 1627 unius
1791 1574 1922 1628 abo-

331 1665 555 1732 litione,
584 1674 760 1720 tamen
794 1666 1001 1734 quoties
1030 1680 1095 1720 ex
1135 1665 1341 1720 duobus
1382 1665 1441 1720 ﬁt
1484 1666 1682 1736 aliquid
1732 1682 1915 1733 unum,

298 1773 470 1814 -nova
509 1772 597 1812 res
636 1757 723 1821 ﬁt;
765 1766 817 1812 ct
867 1758 912 1811 si
967 1772 1101 1811 nova
1143 1771 1229 1813 res
1269 1758 1345 1821 lit,
1387 1773 1583 1814 novum
1618 1760 1920 1815 necessario

2039 565 2153 609 tes:
2188 554 2279 610 Sic
2318 557 2510 623 veniet,
2556 558 2985 623 quemadmodum
3028 576 3145 613 eum
3185 561 3382 617 vidistis
3425 574 3623 619 euntem

2033 647 2087 701 in
2118 646 2299 701 calum
2321 647 2457 720 (Act.
2490 664 2529 715 ι,
2566 649 2688 719 il)?
2718 648 2825 706 Sed
2854 650 2898 704 si
2932 651 3186 719 visibilis,
3239 653 3366 724 quid
3411 656 3623 711 volebat

2034 739 2291 795 dilectore
2319 755 2416 795 suo
2443 743 2493 795 in
2526 741 2702 798 futuro
2731 742 3101 811 manifestare,
3126 745 3343 815 quando
3373 746 3639 803 dicebat:

2032 831 2102 887 Et
2127 851 2219 903 ego
2244 835 2455 906 diligant
2484 852 2619 899 eum,
2652 845 2699 889 et
2720 836 3055 905 manifestabo
3079 838 3127 891 ei
3155 853 3233 891 me
3256 836 3618 909 ipsum(Joart.

2037 938 2148 993 xw,
2180 921 2310 993 2|),
2346 924 2454 993 jam
2496 925 2866 981 manifestatus
2910 926 3204 982 secundum
3234 928 3489 993 carnem?
3517 927 3623 983 Aut

2031 1029 2127 1070 cur
2154 1017 2221 1069 ita
2250 1016 2443 1071 clamat
2472 1017 2817 1088 Evangelium
2845 1037 2857 1072 :
2888 1018 3052 1074 Nemo
3092 1020 3228 1073 novit
3256 1018 3306 1072 F
3309 1019 3479 1086 ilium,
3523 1022 3621 1076 nisi

2031 1104 2191 1160 Pater
2218 1106 2428 1177 (Matth.
2462 1124 2538 1175 ιι,
2572 1107 2701 1181 27)?
2743 1110 2871 1167 Sine
2908 1110 3073 1166 dubio
3115 1110 3259 1166 enim
3303 1110 3441 1181 quod
3472 1111 3620 1168 vide-

2030 1214 2149 1254 mus
2171 1202 2445 1267 novimus;
2479 1212 2535 1257 el
2565 1218 2722 1258 nemo
2762 1213 2940 1275 potest
2980 1204 3161 1260 dicere
3188 1218 3295 1259 non
3337 1204 3617 1275 subiacere

2028 1294 2256 1360 notioni,
2279 1311 2439 1365 quem
2470 1296 2751 1367 subjacere
2781 1296 3059 1354 confessus
3091 1297 3252 1353 fuerit
3277 1296 3485 1353 visioni.

2097 1384 2150 1437 8.
2188 1386 2360 1441 Movet
2383 1387 2577 1455 adhuc,
2603 1389 2855 1458 quoniam
2896 1388 2940 1443 si
2969 1404 3074 1443 una
3112 1397 3194 1445 est
3234 1400 3423 1446 natura
3467 1388 3620 1446 Chri-

2024 1475 2115 1538 sti,
2148 1488 2238 1530 aut
2268 1477 2460 1548 ubique
2488 1478 2678 1535 diﬁ‘usa
2708 1488 2809 1547 est,
2837 1490 2929 1534 aut
2956 1480 3143 1536 localis
3173 1500 3187 1535 :
3212 1482 3258 1536 si
3298 1482 3494 1551 ubique
3520 1483 3618 1537 dii-

2027 1566 2165 1629 fusa,
2198 1585 2363 1637 quare
2399 1570 2559 1625 verba
2589 1571 2819 1643 symboli
2841 1572 2919 1628 sic
2951 1574 3282 1630 recitamus:
3317 1574 3489 1628 Tertia
3534 1576 3617 1631 die

2024 1672 2055 1709 a
2085 1674 2180 1711 mo.
2197 1659 2295 1712 tuis
2318 1663 2615 1727 resurrexit,
2645 1663 2873 1717 ascendit
2900 1664 2953 1717 in
2982 1665 3155 1730 cwlos,
3185 1665 3320 1720 sedet
3349 1666 3420 1718 ad
3444 1665 3619 1721 dexte-

2028 1763 2139 1801 ram
2164 1748 2379 1804 Patris?
2406 1751 2506 1818 Qui
2536 1753 2878 1824 respondebit
2900 1755 3052 1821 mihi,
3094 1756 3140 1810 si
3189 1755 3385 1827 ubique
3425 1755 3617 1814 diﬂusa

333 1857 543 1904 natura:
568 1862 763 1902 nomen
791 1848 1074 1903 existendo
1100 1838 1307 1905 noviler
1331 1851 1518 1905 sumit.
1551 1851 1710 1907 Verbi
1733 1853 1912 1920 gratia,

2032 1850 2113 1895 est
2144 1853 2330 1897 natura
2362 1844 2581 1913 Christi,
2612 1847 2881 1917 quomodo
2928 1848 3173 1904 ascendit
3218 1848 3272 1905 in
3318 1849 3535 1906 caelos?
3568 1851 3617 1908 si

329 1941 432 1996 alia
464 1948 545 1995 est
582 1938 635 1994 in
675 1938 829 1995 nobis
860 1951 1047 1993 natura
1098 1939 1317 2005 animae,
1366 1941 1475 1995 alia
1516 1942 1759 2009 corporis
1792 1960 1803 1994 :
1835 1942 1923 1996 illa

329 2030 612 2102 spiritalis,
641 2030 741 2085 ista
780 2039 1028 2094 terrena;
1071 2030 1160 2083 illa
1190 2030 1505 2099 invisibilis,
1541 2031 1641 2086 ista
1671 2032 1924 2089 visibilis.

332 2127 403 2181 Et
426 2123 551 2195 quia
578 2137 643 2178 ex
690 2122 775 2175 his
804 2120 1009 2177 duabus
1040 2135 1146 2176 una
1173 2130 1258 2177 est
1298 2121 1433 2177 facta
1480 2130 1692 2190 natura,
1724 2138 1918 2178 novum

328 2226 537 2272 natura:
559 2226 753 2268 nomen
780 2211 998 2281 indepta
1028 2222 1131 2276 est,
1164 2221 1220 2265 ut
1250 2211 1524 2267 diceretur
1552 2214 1734 2268 homo.
1756 2212 1926 2283 Sepa-

330 2309 491 2364 ratim
548 2305 690 2361 enim
736 2304 929 2360 dicitur
976 2306 1185 2370 anima,
1237 2307 1522 2375 separatim
1564 2321 1787 2378 corpus;
1830 2320 1933 2361 nec

327 2406 507 2463 anima
554 2416 730 2477 potest
778 2400 1071 2470 nuncupari
1119 2415 1337 2470 corpus,
1371 2416 1471 2456 nec
1513 2417 1712 2472 corpus
1740 2412 1919 2473 potest

328 2498 622 2567 nuncupari
650 2496 852 2564 anima,
874 2495 1030 2548 simul
1060 2504 1238 2549 autem
1270 2507 1466 2561 corpus
1491 2502 1544 2547 et
1565 2494 1741 2549 anima
1771 2504 1916 2551 recte

327 2597 660 2659 nuncupatur
686 2588 869 2643 homo.
893 2586 1006 2642 Nec
1035 2597 1227 2640 natura
1258 2586 1450 2639 animae
1479 2592 1566 2641 est
1589 2596 1777 2642 natura
1796 2601 1915 2641 cor-

328 2682 496 2751 poris,
530 2698 628 2737 nec
656 2691 842 2735 natura
884 2679 1125 2748 corporis
1152 2689 1235 2734 eSt
1263 2686 1452 2733 natura
1480 2677 1711 2744 anima};
1753 2678 1914 2733 simul

327 2785 503 2831 autem
542 2783 795 2830 constans
830 2789 895 2829 ex
937 2781 1127 2828 natura
1164 2772 1407 2842 corporis
1444 2780 1502 2827 et
1536 2772 1729 2827 anima:
1752 2812 1767 2837 ,
1810 2786 1911 2825 una

327 2877 407 2923 est
447 2877 631 2922 natura
674 2866 927 2921 humana.
959 2864 1192 2921 Proinde
1220 2865 1265 2919 si
1296 2864 1473 2919 divina
1507 2874 1698 2919 natura
1728 2872 1783 2920 et
1812 2864 1915 2919 hu-

328 2972 482 3011 mana
515 2966 705 3012 natura
761 2956 1148 3012 confirmantur
1200 2966 1355 3011 unam
1407 2955 1597 3011 fecisse
1646 2966 1911 3023 naturam,

324 3048 625 3103 inveniatur
652 3048 813 3103 etiam
838 3062 995 3117 quam
1021 3056 1293 3113 naturam,
1324 3062 1444 3118 qua:
1472 3063 1571 3103 nec
1601 3048 1779 3103 divina
1820 3062 1913 3118 ap—

325 3142 573 3212 pelletur,
603 3157 701 3198 nec
732 3142 996 3207 humana;
1028 3143 1123 3198 sed
1148 3143 1288 3197 sicut
1316 3157 1482 3207 nova,
1517 3144 1588 3196 ita
1635 3156 1780 3197 novo
1810 3157 1913 3197 no-

2035 1932 2231 2003 ubique
2260 1935 2448 1991 dill'usa
2481 1946 2596 2004 est,
2626 1939 2896 2008 quomodo
2925 1941 3231 2011 specialiter
3271 1942 3351 2000 de
3381 1957 3445 1999 ea
3483 1941 3618 2000 dici-

2037 2034 2120 2079 tur
2151 2040 2164 2076 :
2200 2026 2354 2083 Sedet
2382 2030 2451 2082 ad
2488 2030 2749 2085 dexteram
2790 2029 3019 2092 PatrisZ.
3044 2032 3150 2089 Sed
3197 2034 3241 2089 si
3287 2033 3472 2091 localis
3508 2042 3613 2103 est,

2035 2126 2181 2173 certe
2206 2118 2465 2187 sapientia
2500 2121 2619 2181 Dei.
2647 2138 2765 2192 qua:
2789 2133 2870 2177 est
2897 2121 3144 2180 Christus
3174 2122 3227 2193 (ι
3241 2123 3373 2182 Cor.
3421 2141 3461 2190 ι,
3494 2125 3613 2195 24),

2033 2210 2234 2282 attingit
2263 2229 2294 2265 a
2318 2212 2419 2281 ﬁne
2444 2230 2601 2284 usque
2628 2215 2696 2269 ad
2716 2215 2873 2284 ﬁnem
2899 2217 3128 2285 fortiter,
3172 2226 3219 2271 et
3249 2218 3474 2289 disponit
3500 2234 3615 2273 om-

2034 2304 2121 2359 nia
2146 2306 2368 2361 maviter
2394 2306 2549 2378 (Sap.
2581 2322 2698 2375 vni,
2730 2309 2808 2378 l).
2844 2308 2909 2363 Et
2941 2310 3029 2364 ubi
3058 2320 3139 2365 est
3167 2311 3310 2382 quod
3358 2312 3615 2370 recedens

2033 2409 2061 2448 a
2092 2396 2367 2468 discipulis
2390 2400 2502 2455 suis
2528 2400 2819 2456 secundum
2853 2403 3187 2471 praesentiam
3236 2404 3438 2474 carnis,
3482 2405 3615 2461 Ecce

2033 2502 2149 2554 ego,
2171 2485 2266 2552 ait,
2300 2488 2552 2543 vobiscum
2582 2506 2694 2545 sum
2726 2508 2881 2563 usque
2911 2491 2980 2546 ad
3000 2495 3485 2550 consummationem
3511 2511 3613 2551 sat-

2033 2579 3072 2654 culi(Matth.xxvttt,20)?Erubescamus
3099 2603 3227 2659 ergo
3252 2587 3385 2644 duas
3418 2604 3612 2662 negare

2031 2681 2270 2742 naturas,
2303 2683 2361 2730 ut
2386 2676 2439 2731 in
2470 2692 2577 2734 uno
2608 2675 2823 2735 Christo
2854 2690 3108 2750 appareat
3142 2696 3263 2753 qua:
3309 2691 3498 2737 natura
3544 2685 3612 2738 sit

2029 2767 2248 2835 aequalis
2277 2767 2443 2837 Patri,
2473 2785 2591 2840 qua:
2620 2772 2793 2826 minor
2822 2772 3012 2835 Patre;
3046 2789 3164 2843 qua:
3186 2774 3613 2845 passibilis,qu:n

2030 2856 2400 2927 itnpassibilis;
2433 2876 2554 2932 quae
2588 2862 2833 2929 visibilis,
2860 2880 2979 2932 qua:
3005 2865 3319 2932 invisibilis;
3352 2882 3471 2936 quae
3494 2866 3612 2921 ubi.

2027 2962 2130 3015 que
2158 2948 2369 3017 diffusa,
2402 2967 2523 3021 quae
2548 2953 2770 3019 localis;
2798 2955 2924 3010 dum
2956 2967 3131 3011 tamen
3162 2972 3300 3011 unus
3344 2959 3414 3012 sit
3453 2957 3612 3013 Chri-

2026 3049 2162 3103 stus,
2194 3049 2247 3094 et
2275 3042 2496 3111 aequalis
2522 3051 2575 3097 et
2605 3044 2801 3107 minor.
2828 3055 2881 3101 et
2913 3045 3263 3115 impassibilis
3298 3058 3351 3102 et
3385 3048 3610 3119 passibi~

2027 3130 2115 3198 lis,
2146 3139 2201 3187 et
2221 3133 2498 3189 invisibilis
2529 3142 2585 3191 et
2613 3135 2859 3201 visibilis,
2882 3145 2936 3191 et
2965 3136 3161 3207 ubique
3186 3136 3410 3193 didusus
3431 3146 3486 3192 et
3529 3138 3609 3191 lo-

324 3233 468 3288 mine
498 3241 821 3301 nuncupata.
839 3232 1031 3288 Nullus
1059 3233 1220 3301 plane
1249 3234 1647 3303 tergiversator,
1676 3242 1730 3290 et
1753 3234 1907 3291 unius

2021 3222 2149 3278 calis
2176 3240 2190 3276 :
2223 3232 2365 3280 totus
2389 3227 2643 3297 aequalis,
2692 3244 2797 3283 non
2840 3237 3009 3283 totum
3039 3228 3295 3298 aqualis?
3343 3237 3485 3285 totus
3511 3229 3609 3284 mi-

323 3336 531 3380 natum
552 3327 922 3381 contentiosus
949 3338 1218 3391 assertor,
1249 3328 1301 3382 in
1344 3326 1503 3397 hujus
1532 3328 1762 3384 articulo
1789 3346 1912 3401 pro-

322 3416 627 3486 positionis,
660 3427 867 3473 natura:
895 3434 1055 3489 quam
1084 3434 1150 3474 ex
1176 3419 1386 3475 duabus
1412 3436 1571 3476 unam
1602 3421 1780 3494 ﬁngit,
1811 3440 1911 3479 no-

322 3524 446 3564 vum
475 3524 668 3565 nomen
700 3520 953 3579 apponat,
982 3521 1036 3567 et
1066 3527 1182 3565 eam
1220 3512 1491 3568 Christum
1538 3514 1644 3568 dici
1687 3529 1911 3583 respon-

319 3605 479 3669 deat;
510 3604 631 3671 quia
654 3597 902 3659 Christus
940 3619 1133 3659 nomen
1183 3604 1347 3661 ofﬁcii
1386 3614 1493 3671 est,
1532 3622 1640 3660 non
1681 3618 1905 3663 naturae.

318 3696 405 3753 Ab
433 3698 683 3752 unctione
712 3696 855 3752 enim
884 3696 1161 3763 Christus;
1205 3696 1385 3752 unctio
1424 3712 1555 3753 vero
1598 3700 1908 3767 temporalis

318 3788 733 3857 dispensationis
756 3788 1036 3853 indicium,
1068 3804 1174 3844 non
1200 3789 1517 3844 substantia:
1550 3789 1757 3844 videtur
1784 3804 1909 3846 esse

318 3881 659 3937 vocabulum.
703 3881 797 3936 ille
834 3883 979 3937 enim
1019 3883 1109 3951 qui
1148 3897 1213 3935 ex
1254 3881 1462 3937 duabus
1502 3882 1694 3937 factam
1735 3882 1908 3938 credit

317 3989 480 4029 unam
513 3975 682 4043 (srepe
705 3972 871 4043 dico),
902 3973 1046 4028 dicat
1070 3988 1226 4043 quam
1256 3990 1439 4029 unam.
1476 3974 1580 4029 Ista
1610 3976 1753 4029 enim
1779 3989 1903 4042 una,

317 4081 419 4121 nec
450 4066 629 4120 divina
658 4065 765 4120 dici
788 4064 1002 4135 poterit,
1028 4080 1128 4122 nec
1158 4064 1386 4121 humana
1417 4105 1431 4129 ,
1462 4064 1555 4120 sed
1587 4079 1908 4135 quocunque

316 4156 424 4210 alio
452 4157 705 4213 nomine:
738 4155 883 4225 quod
915 4170 1107 4210 nomen
1129 4155 1175 4210 si
1205 4155 1339 4224 quis
1371 4156 1663 4219 invenerit,
1699 4165 1904 4210 natura:

316 4248 477 4304 tutius
534 4258 774 4303 assertor
820 4246 1168 4302 tolerabiliter
1206 4248 1332 4301 erit.
1375 4246 1488 4317 Ego
1528 4258 1707 4302 tamen
1750 4249 1905 4303 valde

318 4351 500 4398 metuo
530 4341 686 4396 unius
716 4350 918 4395 natura:
949 4340 1336 4409 professionem
1373 4338 1708 4395 conﬁdenter
1753 4355 1906 4395 essu--

318 4438 500 4500 inere,
532 4436 787 4503 quoniam
827 4435 873 4489 si
914 4448 1016 4487 una
1055 4440 1139 4486 e.-t
1182 4444 1371 4486 natura
1408 4432 1631 4499 Christi,
1664 4442 1756 4488 aut
1795 4442 1904 4488 tota

316 4528 422 4582 erit
468 4525 690 4594 aqualis
745 4524 907 4589 Patri,
960 4533 1050 4577 aut
1095 4534 1203 4578 tota
1257 4523 1416 4578 Patre
1463 4526 1659 4578 minor.
1705 4524 1767 4581 Si
1793 4534 1902 4580 tota

314 4618 561 4688 aqualis,
586 4618 879 4675 secundum
901 4631 1059 4686 quam
1087 4616 1218 4672 dicit
1252 4632 1265 4669 :
1303 4615 1457 4670 Pater
1498 4619 1670 4687 major
1705 4635 1784 4672 me
1830 4627 1903 4675 est
1935 4596 1983 4655 θ

316 4709 500 4781 Uttan.
527 4724 636 4772 nv,
660 4709 788 4779 28)?
810 4708 853 4762 si
886 4717 998 4762 tota
1019 4708 1199 4763 minor
1223 4707 1518 4764 secundum
1546 4722 1704 4776 quam
1733 4708 1898 4762 dicit:

315 4800 431 4870 Ego
470 4809 516 4854 et
556 4798 716 4853 Pater
755 4814 913 4853 unum
950 4815 1123 4853 sumus
1168 4797 1345 4867 (Joan.
1383 4814 1446 4863 ι.
1484 4797 1615 4868 50)?
1653 4801 1760 4854 Aut
1800 4799 1903 4855 im-

314 4892 633 4962 passihilis,
679 4900 769 4945 aut
822 4892 1107 4960 passiliilis.
1167 4891 1223 4946 Si
1270 4891 1658 4960 impassibilis,
1711 4906 1903 4946 secun-

313 4986 445 5039 dum
482 4998 640 5052 quam
667 4983 861 5037 dicitur
890 4980 1135 5036 Christus
1177 4995 1399 5050 passus,
1450 4993 1691 5037 mortuus
1714 5022 1728 5048 ,
1781 4998 1903 5037 cru-

310 5075 540 5129 ciﬁxus?
587 5076 631 5127 si
681 5072 973 5143 passibilis,
1031 5081 1121 5126 aut
1157 5073 1401 5127 Christus
1439 5074 1547 5140 jam
1606 5090 1764 5129 unam
1807 5090 1900 5128 na-

313 5180 493 5224 turam
546 5182 653 5221 non
710 5166 926 5221 habebit
983 5181 1103 5219 cum
1160 5165 1349 5230 Patre,
1400 5175 1457 5220 ut
1509 5176 1815 5236 scgrcgetur
1870 5182 1897 5220 a

312 5260 657 5331 pas~ionibus
684 5258 802 5328 eius
833 5258 971 5313 Deus
999 5258 1191 5325 Pater;
1221 5266 1307 5312 aut
1339 5258 1381 5312 si
1419 5258 1532 5312 hmc
1574 5275 1673 5312 una
1713 5270 1897 5313 natura

312 5367 474 5422 quam
506 5352 664 5405 habet
706 5366 827 5404 cum
868 5352 1025 5406 Patre
1068 5366 1437 5416 communem,
1472 5350 1741 5419 passibitis
1774 5353 1895 5414 erit,

316 5446 477 5501 Pater
520 5460 731 5514 quoque
775 5444 1036 5511 passibdis
1062 5446 1183 5508 erit,
1235 5452 1289 5498 et
1331 5444 1440 5514 jam
1496 5459 1600 5498 non
1649 5442 1895 5499 catholici

313 5533 642 5597 Christiani,
672 5534 763 5589 sed
804 5535 1034 5590 ha‘retici
1082 5534 1450 5602 gloriabuntur
1496 5533 1896 5603 PatripaSsiani.

317 5628 472 5684 Addo
494 5627 671 5681 adhuc
696 5644 707 5679 :
733 5627 775 5681 si
807 5643 909 5680 una
941 5636 1023 5680 est
1047 5637 1233 5680 natura
1265 5624 1465 5680 Chriin
1505 5635 1596 5679 aut
1622 5626 1899 5681 invisibil’s

315 5719 706 5785 asseritur,aut
732 5718 988 5783 visibilis;
1022 5718 1064 5771 si
1102 5718 1411 5783 invisibilis,
1452 5734 1608 5787 quam
1652 5718 1902 5772 viderunt

315 5813 408 5884 qui
438 5811 859 5869 cruciﬁxerunt?
890 5826 1046 5879 quam
1080 5809 1324 5866 viderunt
1361 5811 1586 5878 aposwli
1628 5824 1793 5877 usque
1833 5814 1899 5865 ad

2018 3331 2137 3382 nor,
2171 3332 2275 3373 non
2300 3327 2467 3375 totum
2498 3320 2706 3399 minor;
2738 3330 2878 3376 totus
2900 3321 3204 3386 invisibilis,
3236 3320 3607 3405 impassibilis,

2021 3418 2219 3486 ubique
2248 3412 2487 3481 diﬁ'usus,
2522 3414 2615 3469 sed
2645 3429 2749 3469 non
2792 3423 2984 3470 totum.
3032 3414 3127 3469 llic
3163 3430 3293 3472 vero
3333 3416 3379 3471 si
3424 3415 3607 3487 requi-

2012 3525 2132 3576 ras,
2164 3507 2293 3578 qnid
2337 3516 2419 3562 est
2462 3516 2633 3561 totum
2664 3505 2947 3563 Christus?
2987 3507 3285 3577 respondeo
3318 3522 3335 3565 :
3369 3506 3600 3562 Verbum

2018 3599 2137 3665 Dei,
2168 3598 2344 3652 anima
2376 3594 2653 3651 rationalis
2706 3605 2759 3650 et
2812 3611 2960 3650 caro.
3008 3596 3133 3652 Sive
3175 3597 3319 3651 enim
3369 3595 3602 3652 Verbutn

2015 3691 2187 3757 dicas,
2222 3698 2369 3744 totus
2398 3695 2483 3743 est
2502 3686 2773 3754 Christus,
2801 3688 2896 3743 scd
2927 3703 3033 3744 non
3064 3698 3232 3745 totum
3253 3730 3267 3755 ,
3309 3688 3412 3749 nisi
3454 3690 3605 3744 adhi-

2014 3783 2144 3839 beas
2171 3782 2403 3837 animam
2434 3779 2749 3835 rationalem
2778 3787 2835 3835 et
2861 3792 3078 3849 corpus.
3107 3778 3231 3836 Sive
3250 3782 3482 3835 animam
3512 3796 3597 3834 ra-

2016 3875 2267 3930 tionalem
2300 3874 2466 3938 dicas,
2492 3880 2636 3928 totus
2680 3882 2764 3928 est
2791 3871 3070 3939 Christus,
3116 3872 3211 3927 sed
3252 3887 3358 3927 non
3400 3879 3602 3937 totum,

2012 3969 2113 4025 nisi
2143 3967 2399 4023 adhibeas
2434 3965 2666 4021 Verbum
2688 3974 2743 4021 et
2769 3979 3006 4020 carnem.
3032 3965 3159 4021 Sive
3186 3979 3402 4020 carnem
3426 3963 3596 4030 dicas,

2012 4070 2157 4115 totus
2203 4068 2288 4114 est
2336 4056 2602 4123 Christus,
2653 4057 2747 4111 Sed
2794 4072 2899 4112 non
2945 4064 3138 4120 totum,
3191 4056 3296 4111 nisi
3341 4056 3602 4112 adhibeas

2011 4150 2246 4205 Verbum
2272 4156 2328 4204 et
2352 4148 2584 4204 animam
2618 4148 2953 4203 rationalem.
2998 4145 3164 4201 Totus
3191 4162 3319 4216 ergo
3354 4145 3599 4202 Christus

2010 4242 2209 4310 ubique
2233 4250 2317 4296 est
2340 4239 2634 4296 secundum
2668 4238 2927 4306 Verbum,
2957 4238 3051 4294 sed
3075 4254 3179 4293 non
3211 4248 3379 4294 totum
3404 4237 3600 4306 ubique

2008 4345 2123 4402 est;
2157 4336 2277 4406 quia
2302 4349 2407 4389 non
2437 4340 2521 4388 est
2550 4332 2745 4401 ubique
2791 4333 2969 4385 anima
3013 4330 3289 4386 rationalis
3336 4338 3391 4384 et
3447 4344 3597 4393 caro,

2011 4445 2133 4485 cum
2159 4428 2351 4497 quibus
2382 4435 2461 4480 est
2494 4432 2681 4480 totum.
2714 4424 2883 4480 Totus
2928 4423 3174 4479 Christus
3214 4424 3352 4494 apud
3400 4424 3599 4478 inferos

2010 4518 2108 4573 fuit
2137 4517 2434 4573 secundum
2466 4515 2697 4569 animam
2736 4516 3090 4583 rationalem,
3135 4515 3229 4571 sed
3263 4531 3368 4569 non
3402 4525 3593 4580 totum,

2009 4614 2131 4682 quia
2160 4625 2284 4667 caro
2330 4610 2401 4665 ibi
2447 4624 2552 4664 non
2601 4609 2717 4675 fuit,
2764 4622 2884 4662 cum
2915 4624 3018 4678 qua
3073 4617 3157 4663 cst
3200 4616 3391 4663 totum.
3432 4608 3598 4662 Totus

2009 4703 2255 4759 Christus
2284 4702 2339 4758 in
2369 4701 2619 4771 sepulcro
2651 4700 2742 4753 fuit
2768 4700 3062 4754 secundum
3096 4714 3335 4766 carnem,
3365 4699 3457 4753 sed
3488 4714 3594 4752 nou

2012 4803 2198 4858 totum,
2233 4793 2352 4861 quia
2385 4793 2560 4845 anima
2592 4789 2866 4845 rationalis
2911 4790 2980 4845 ihi
3024 4804 3129 4845 non
3172 4789 3302 4858 fuit,
3336 4804 3457 4843 cum
3485 4804 3587 4855 qua

2009 4894 2091 4939 est
2118 4894 2283 4939 totum
2315 4902 2326 4935 :
2364 4882 2593 4939 Verbum
2626 4894 2800 4937 tamen
2858 4881 2946 4939 Dei
2998 4894 3050 4937 et
3103 4897 3222 4934 cum
3274 4881 3449 4935 anima
3499 4893 3593 4931 sua

2008 4984 2147 5053 apud
2180 4982 2401 5047 inferos,
2430 4991 2484 5037 et
2513 4997 2632 5036 cum
2656 4996 2815 5035 carne
2842 4994 2937 5033 sua
2970 4979 3019 5032 in
3043 4979 3288 5043 sepulcro
3319 4975 3449 5041 fuit,
3469 4973 3592 5044 quia

2009 5074 2321 5129 naturaliter
2377 5074 2574 5142 ubique
2613 5072 2897 5137 dill‘usum,
2940 5084 3039 5125 nec
3094 5068 3284 5121 anima:
3333 5081 3445 5122 sua:
3494 5081 3599 5121 nee

2007 5166 2153 5218 carni
2181 5179 2292 5219 Sua:
2322 5162 2611 5233 aliquando
2640 5162 2825 5216 deluit.
2855 5162 2979 5214 Sive
3009 5158 3169 5228 igitur
3202 5158 3454 5224 Verbum,
3475 5159 3594 5214 sive

2008 5258 2181 5310 anima
2213 5255 2362 5309 ratio:
2388 5255 2506 5318 alis,
2536 5256 2646 5309 sive
2691 5267 2816 5308 caro
2852 5252 3217 5321 signiﬁcetur,
3250 5260 3390 5305 totus
3436 5240 3590 5313 Chri:

2007 5362 2121 5403 ειυς
2146 5348 2493 5418 signiﬁcatur,
2528 5346 2620 5401 sed
2675 5362 2780 5399 non
2834 5354 3021 5401 totum.
3066 5344 3248 5414 NBQte
3294 5344 3435 5398 enim
3484 5344 3589 5399 erit

2009 5452 2202 5508 totum,
2235 5442 2336 5497 nisi
2364 5441 2518 5507 sitnul
2552 5439 2803 5504 Verbum,
2836 5440 3009 5492 anima
3036 5438 3315 5493 rationalis
3357 5448 3411 5492 ct
3438 5454 3583 5497 caro.

2004 5537 2179 5602 Quare
2202 5543 2379 5587 autem
2417 5533 2645 5586 Verbum
2678 5542 2818 5587 totus
2843 5531 3103 5599 Christus,
3139 5542 3193 5587 et
3221 5533 3395 5585 anima
3426 5532 3588 5587 ratio-

2007 5627 2143 5680 nalis
2170 5635 2311 5680 totus
2336 5627 2602 5691 Christus,
2635 5635 2689 5682 et
2717 5641 2843 5685 caro
2873 5635 3014 5681 totus
3044 5626 3308 5693 Christus,
3338 5626 3438 5681 nisi
3464 5627 3582 5697 quia

2005 5734 2108 5771 una
2139 5730 2216 5771 est
2245 5718 2428 5784 Verbi,
2471 5720 2663 5775 anima:
2693 5720 2968 5777 rationalis
3013 5721 3298 5791 carnisque
3327 5719 3584 5790 persona?

2006 5810 2178 5872 Quare
2208 5810 2399 5867 iterum
2436 5810 2663 5869 Verbum
2692 5814 2807 5871 sine
2834 5816 3007 5869 anima
3040 5814 3281 5870 rati'Jnali
3322 5823 3375 5869 et
3424 5826 3585 5867 carne
