4012 6194
433 271 538 329 919

1232 232 1235 233 ί
1330 265 1694 322 FULGENTll
1728 256 2069 316 FERRANDI
2113 251 2383 310 Dl.\CONi
2425 254 2771 312 camusc.

3598 256 3705 316 920

432 370 541 440 non
564 392 731 441 totum
751 381 1036 448 Christus;
1064 391 1156 435 aut
1177 382 1355 436 anima
1380 363 1735 435 rationaliset
1762 392 1889 433 caro
1903 376 2019 429 sine
2046 369 2093 428 Δ
2126 368 2332 427 Priuus
2365 372 2555 427 modus
2581 379 2685 437 est,
2718 385 2785 425 ne
2812 368 2931 423 ideo
2964 368 3218 424 Dominus
3261 368 3417 427 Jesus
3458 371 3711 434 Christus

432 475 616 533 'Verbo
641 490 747 532 non
780 484 950 531 totum
978 473 1255 539 Christus,
1289 474 1390 527 nisi
1417 474 1537 542 quia
1568 472 1674 526 alia
1711 480 1792 527 est
1833 469 2017 539 Verbi,

438 571 541 625 alia
569 567 845 625 rationalis
871 568 1064 622 animae
1090 568 1376 637 carnisque
1418 566 1641 624 natura?
1684 565 1772 620 illa
1819 564 2018 637 divina,

362 671 368 677 '
439 664 537 720 ista
569 663 837 719 humana?
867 661 955 717 illa
1000 662 1264 729 simplex,
1305 661 1404 716 ista
1433 660 1762 730 composita?
1788 676 1909 719 cum
1940 669 2023 715 ta-

438 770 562 811 men
583 769 686 809 una
712 754 824 824 ipsa
857 753 1058 808 Christi
1091 768 1341 827 persona,
1374 768 1492 821 quae
1521 752 1681 816 duas,
1709 753 1941 807 divinam
1964 740 2024 806 ἰιι

441 853 748 915 humanam,
785 848 837 904 id
869 858 949 905 est
979 848 1277 921 simplicem
1325 856 1379 901 et
1421 846 2026 916 eompositam,videtur

440 944 679 1000 adunare
707 942 1059 1010 substantias,
1084 957 1188 998 non
1219 944 1290 998 sit
1310 942 1626 1009 composita,
1673 940 1769 996 sed
1811 942 1861 996 in
1913 943 2026 997 sin-

440 1033 576 1102 guiis
605 1034 866 1109 simplex,
900 1046 949 1089 et
984 1033 1036 1088 in
1090 1034 1329 1098 utrisque
1368 1032 1631 1100 simplex;
1671 1042 1725 1086 et
1776 1031 1847 1085 ita
1896 1032 2024 1085 sim-

443 1126 588 1195 plex,
629 1127 769 1187 sicut
796 1125 892 1179 ruit
922 1132 1209 1193 antequam
1241 1123 1292 1177 in
1342 1137 1435 1177 sua
1478 1122 1683 1176 unitate
1730 1121 2030 1190 susciperet

443 1216 733 1277 humanam
766 1224 1045 1280 naturam;
1074 1222 1132 1267 ut
1164 1211 1387 1268 haberet
1411 1211 1667 1281 deinceps
1701 1212 2030 1267 substantias

442 1306 598 1373 duas,
627 1320 786 1360 unam
820 1306 982 1375 (sicut
1025 1303 1284 1375 diximus)
1329 1302 1647 1372 simplicem,
1695 1302 1850 1356 aliam
1902 1317 2031 1359 vero

444 1398 816 1467 compositum.

514 1510 567 1569 9.
599 1511 707 1567 Sed
738 1511 863 1580 quid
889 1511 998 1582 jam
1023 1510 1261 1582 pluribus
1307 1512 1690 1569 immorantur?
1739 1512 1814 1568 De
1852 1513 2029 1571 incar-

450 1604 665 1659 natione
693 1603 893 1661 Christi
922 1603 1035 1656 hrc
1066 1611 1149 1657 est
1177 1602 1308 1657 ﬁdes
1340 1618 1457 1663 mea
1485 1645 1498 1667 ,
1531 1619 1626 1675 per
1653 1620 1809 1673 quam
1841 1604 2029 1673 fateor,

451 1712 518 1753 ex
556 1696 768 1751 duabus
789 1704 844 1753 et
883 1696 935 1753 in
964 1693 1168 1749 duabus
1211 1694 1523 1749 substantiis
1555 1710 1711 1749 unam
1756 1695 2030 1755 Christum

2121 478 2256 517 untts
2286 478 2407 520 esse
2434 465 2504 521 de
2526 476 2708 519 sancta
2733 473 2787 520 et
2818 460 3091 519 individua
3133 465 3398 524 Trinitate
3424 474 3712 540 prasdicari

2123 570 2358 631 putetur,
2391 570 2448 614 ut
2477 562 2615 616 alius
2645 561 2780 631 ipse,
2810 561 2913 615 alia
2942 560 3180 617 Trinitas
3199 562 3268 619 de
3295 577 3398 635 qua
3427 581 3568 625 unus
3589 585 3717 629 esse

2123 650 2338 717 dicitur,
2370 652 2703 709 inculcetur:
2734 652 2876 706 velut
2903 666 3028 708 cum
3058 654 3128 708 de
3166 654 3327 713 Patre
3351 672 3475 715 esse
3515 660 3714 719 Filium

2125 746 2417 810 credimus,
2448 745 2588 799 alius
2614 745 2902 814 estprocnl
2934 744 3101 800 dubio
3127 746 3323 817 Filius,
3368 751 3507 807 alius
3552 753 3719 811 Pater

2126 837 2196 892 de
2216 850 2321 906 quo
2350 844 2433 893 est
2462 834 2658 902 Filius;
2689 844 2782 890 aut
2807 836 3043 906 quando,
3077 838 3225 893 verbi
3267 843 3457 911 gratia,
3486 844 3557 902 de
3584 847 3720 903 cm-

2129 937 2238 983 tate
2264 927 2379 995 illa,
2409 929 2525 983 sive
2566 928 2661 983 illa
2698 941 2819 983 esse
2865 928 3098 998 aliquem
3126 930 3456 1000 indicemus;
3495 935 3547 990 in
3597 945 3721 991 tan-

2131 1028 2243 1072 tum
2272 1018 2408 1075 alius
2433 1029 2517 1075 est
2560 1019 2696 1091 ipse,
2727 1021 2826 1074 alia
2854 1021 3077 1087 civitas;
3127 1032 3184 1076 ut
3223 1024 3343 1079 sine
3377 1025 3471 1080 illo
3502 1041 3723 1086 mea

2131 1112 2320 1168 civitas
2348 1113 2488 1169 sicut
2508 1113 2605 1185 fuit
2630 1127 2750 1167 cum
2780 1113 2901 1179 illo,
2932 1117 3176 1184 quamvis
3207 1117 3323 1185 ipse
3344 1119 3494 1176 solus
3514 1121 3619 1176 dici
3640 1126 3725 1179 c'-

2133 1204 2268 1258 vitas
2296 1214 2546 1273 nequeat.
2582 1204 2677 1260 ilic
2702 1219 2833 1260 vero
2874 1219 3066 1260 sensus
3105 1208 3277 1277 magis
3327 1208 3435 1265 illis
3484 1214 3722 1281 proﬁcit,

2133 1296 2221 1364 qui
2251 1308 2559 1365 supponere
2593 1296 2783 1350 volunt
2821 1309 3065 1365 quartam
3094 1296 3341 1357 Trinitati
3374 1314 3683 1370 personam.

2206 1405 2293 1460 10.
2338 1403 2617 1461 Secundus
2644 1405 2839 1461 modus
2862 1415 2963 1461 est.
2992 1405 3248 1464 Fortasse
3285 1409 3543 1468 Dominus
3562 1413 3723 1469 Jesus

2137 1496 2403 1564 Christus,
2433 1512 2573 1552 unus
2596 1512 2718 1553 esse
2744 1497 2810 1553 de
2839 1507 3022 1553 sancta
3052 1508 3109 1554 et
3155 1499 3428 1557 individua
3460 1504 3725 1561 Trinitate

2138 1587 2503 1643 fraudulenter
2531 1588 2835 1652 intimetur;
2864 1600 3084 1660 propter
3111 1589 3212 1646 hoc
3243 1592 3486 1649 videlicet
3520 1604 3581 1650 ut
3612 1610 3721 1651 non

2140 1680 2257 1750 ejus
2277 1676 2602 1744 humanitas,
2643 1694 2803 1750 quam
2832 1682 3176 1749 suscipiendo
3205 1683 3254 1738 in
3296 1687 3557 1742 unitatem
3594 1703 3732 1757 per-

446 1785 645 1843 babere
676 1799 982 1855 personam.
1006 1783 1115 1840 Nec
1144 1793 1322 1839 movet
1356 1786 1625 1854 quomodo
1656 1788 1889 1859 potuerit
1931 1787 2027 1840 ha-

2136 1787 2283 1827 sonte
2306 1787 2418 1827 suae
2448 1772 2630 1828 vocari
2658 1774 2822 1842 εωρίι
2863 1774 3120 1830 Dominus
3149 1775 3304 1832 Jesus
3326 1756 3725 1845 Christus,sed

445 1875 574 1939 bere
601 1876 736 1931 duas
764 1891 865 1929 una
894 1874 1091 1929 Christi
1125 1889 1351 1943 persona
1402 1883 1640 1934 naturas.
1684 1890 1804 1930 cum
1847 1876 2030 1932 videa—

447 1979 566 2022 mus
588 1964 887 2019 divinitatis
910 1978 1070 2018 unam
1101 1962 1453 2018 substantiam
1481 1974 1589 2018 tres
1616 1963 1814 2021 habere
1844 1980 2030 2034 perso-

447 2069 561 2108 nas.
592 2052 646 2109 Si
671 2054 813 2110 enim
845 2052 976 2108 mihi
998 2053 1140 2108 dicat
1176 2053 1365 2123 aliquis
1396 2071 1407 2105 :
1441 2052 1494 2109 in
1542 2053 1759 2108 Christo
1807 2055 2034 2111 ostende

446 2144 573 2199 mihi
605 2145 897 2201 secundum
927 2159 1208 2200 numerum
1238 2154 1571 2207 naturarum,
1599 2162 1881 2201 numerum
1907 2162 2031 2215 per-

443 2252 726 2302 sonarum;
789 2235 1127 2304 respondebo
1189 2235 1487 2304 intrepidus
1539 2254 1552 2290 :
1598 2238 1836 2292 Ostende
1901 2238 2032 2292 mihi

444 2329 605 2382 etiam
640 2335 693 2382 tu
724 2328 776 2383 in
805 2327 1002 2383 deitate
1031 2328 1326 2383 secundum
1360 2342 1637 2385 numerum
1660 2343 2029 2397 personarum,

448 2432 727 2471 numerum
761 2427 1099 2471 naturarum.
1130 2416 1185 2472 Si
1215 2417 1360 2471 enim
1412 2430 1515 2471 non
1571 2426 1747 2485 potest
1791 2432 1912 2473 esse
1939 2434 2034 2472 na-

448 2522 566 2566 tura
597 2511 715 2565 sine
742 2524 996 2583 persona,
1028 2523 1127 2565 nec
1159 2524 1386 2580 persona
1418 2518 1597 2579 potest
1622 2525 1742 2565 esse
1779 2511 1895 2565 sine
1939 2527 2032 2564 na-

446 2616 585 2658 tura.
614 2604 719 2659 Sed
747 2604 791 2659 si
820 2603 1014 2659 dicitur
1038 2604 1093 2659 in
1126 2604 1384 2663 Trinitate
1411 2620 1600 2660 omnes
1631 2614 1740 2664 tres
1774 2619 2032 2675 perstinas

446 2711 603 2750 unam
636 2694 831 2755 habere
857 2705 1128 2759 naturam,
1158 2696 1279 2766 quia
1311 2695 1398 2749 illa
1433 2711 1535 2751 una
1574 2707 1763 2757 natura
1794 2699 2030 2755 omnium

444 2787 603 2843 trium
627 2795 709 2841 est
731 2801 1079 2856 personarum
1108 2805 1119 2839 :
1152 2787 1222 2841 ita
1246 2802 1345 2857 ego
1363 2785 1414 2841 in
1441 2787 1655 2843 Christo
1681 2788 2033 2845 dicamutras-

444 2891 548 2953 que
574 2884 792 2931 naturas
816 2890 975 2931 unam
1003 2876 1202 2932 habere
1227 2892 1509 2946 personam
1536 2923 1551 2949 ,
1580 2880 1698 2950 quia
1747 2880 1836 2936 illa
1870 2861 2031 2953 signi-

443 2969 608 3027 ﬁcans
639 2968 872 3023 existere
893 2967 1172 3038 cujusque,
1202 2975 1288 3023 est
1313 2984 1431 3038 qua:
1460 2969 1620 3023 alium
1650 2969 1933 3041 distinguit
1962 2970 2030 3024 ab

443 3059 565 3115 alio.
600 3056 755 3119 Unde
783 3060 884 3119 rite
913 3072 1265 3129 personarum
1290 3060 1517 3115 duarum
1550 3060 1603 3114 in
1633 3058 1851 3116 Christo
1883 3061 2029 3121 vide-

2137 1864 2391 1920 divinitas
2420 1867 2539 1933 ejus
2568 1874 2787 1934 propter
2807 1881 2966 1934 quam
3005 1870 3265 1923 asseritur
3306 1884 3444 1925 unus
3487 1885 3611 1928 esse
3657 1875 3725 1930 de

2137 1965 2319 2011 sancta
2355 1966 2407 2011 et
2436 1956 2703 2011 individua
2731 1956 3014 2024 Trinitate,
3043 1959 3363 2029 praedicetur
3388 1978 3510 2018 esse
3547 1965 3725 2034 passi-

2139 2047 2282 2112 bilis,
2311 2049 2520 2117 quoties
2544 2047 2799 2103 Dominus
2820 2048 2976 2103 Jesus
3006 2062 3193 2119 passus
3219 2065 3317 2120 pro
3346 2053 3523 2109 salute
3548 2052 3722 2109 homi-

2138 2153 2267 2192 num
2291 2154 2396 2193 non
2427 2146 2648 2193 tacetur.
2677 2138 2777 2194 Hic
2798 2155 2925 2195 vero
2955 2155 3143 2197 sensus
3180 2151 3271 2197 aut
3316 2144 3546 2199 Arianos
3575 2146 3724 2214 juvat

2138 2231 2204 2285 ad
2229 2231 2662 2286 deteriorat'dam
2720 2231 2840 2286 Filii
2891 2234 3240 2302 divinitatem,
3275 2247 3367 2291 aut
3412 2239 3568 2293 unius
3609 2250 3722 2293 tan-

2143 2330 2251 2376 tum
2276 2324 2326 2376 in
2351 2336 2416 2377 eo
2447 2332 2654 2377 naturae
2681 2325 2947 2378 interserit
2975 2326 3307 2393 opinionem,
3336 2329 3463 2383 dum
3498 2330 3722 2385 duarum

2140 2426 2487 2480 personarum
2537 2415 2687 2467 timet
2749 2415 3024 2471 incurrere
3078 2418 3460 2485 suspicionem.
3510 2421 3723 2477 Tertius

2136 2502 2311 2557 adhuc
2329 2504 2518 2558 modus
2543 2517 2647 2572 θεῖ,
2674 2519 2741 2558 ne
2763 2503 3098 2562 ﬁrmantibus
3119 2515 3142 2544 ⁸
3159 2508 3313 2563 nobis
3338 2509 3724 2568 DnminumJe-

2136 2609 2253 2648 sum
2276 2593 2553 2649 Christum
2584 2610 2746 2648 unum
2779 2608 2902 2649 esse
2921 2595 2989 2650 de
3022 2608 3207 2652 sancta
3236 2609 3290 2653 et
3317 2600 3588 2655 individua
3609 2602 3725 2656 Τήν

2136 2686 2322 2750 nitate,
2383 2686 2664 2741 confestim
2724 2701 2754 2740 a
2806 2688 2961 2741 nobis
3017 2700 3314 2758 quaeratur,
3362 2692 3504 2754 Quid
3556 2694 3725 2749 unus?

2136 2775 2299 2831 Verbi
2331 2776 2473 2830 enim
2502 2777 2694 2846 gratia,
2735 2777 2781 2830 si
2830 2777 3056 2833 voluero
3093 2778 3292 2847 dicere,
3325 2780 3545 2838 Gabriel
3586 2788 3722 2840 unus

2134 2881 2217 2927 est
2247 2884 2311 2925 ex
2344 2871 2547 2940 angelis
2568 2869 2699 2937 Dei,
2732 2871 3114 2941 interrogatus,
3145 2873 3278 2939 Quid
3306 2875 3479 2929 unus?
3503 2890 3722 2948 respon-

2133 2963 2258 3029 deo,
2294 2963 2562 3033 Angelus,
2603 2965 2729 3033 quia
2756 2963 2865 3030 jam
2915 2963 3039 3018 illos
3083 2980 3271 3022 omnes
3313 2969 3535 3039 angelos
3587 2970 3717 3025 dixi.

2132 3056 2237 3108 Aut
2265 3052 2309 3106 si
2344 3054 2536 3107 iterum
2565 3052 2814 3107 similiter
2838 3053 3047 3124 loquar,
3080 3056 3399 3123 Ephesinam
3427 3059 3721 3116 Ecclesiam

443 3160 590 3203 tetur
614 3146 876 3224 quispiam
895 3162 1183 3218 exsurgere
1212 3148 1550 3233 praedicator,
1576 3150 1621 3205 si
1644 3150 1784 3205 Deus
1804 3150 1896 3206 ille
1917 3166 2026 3206 non
2052 3139 2100 3202 C
2133 3158 2294 3198 unam
2327 3158 2452 3198 esse
2473 3144 2540 3199 de
2568 3153 2773 3215 septem
2808 3146 3059 3204 Ecclesiis
3080 3149 3149 3203 ad
3167 3165 3299 3219 quas
3323 3149 3561 3206 Joannes
3583 3153 3721 3208 scri-

443 3241 630 3301 fuisset
652 3240 835 3307 homo,
865 3250 957 3295 aut
984 3240 1147 3296 homo
1173 3241 1261 3297 ille
1293 3257 1399 3296 non
1443 3243 1629 3298 [uisset
1663 3243 1820 3307 Deus,
1860 3245 2024 3299 alimn

442 3330 507 3397 ub
544 3330 651 3386 alio
696 3345 794 3386 sua
841 3330 1203 3400 distinguente
1247 3345 1475 3400 persona
1510 3348 1526 3387 :
1557 3332 1683 3387 dum
1732 3333 2027 3388 secundum

443 3421 737 3491 superioris
784 3421 1114 3476 intellectum
1169 3422 1518 3489 deﬁnitionis,
1567 3425 1891 3493 proprietate
1946 3426 2025 3477 in-

444 3515 875 3575 communieabili
903 3515 981 3570 sic
1009 3530 1173 3570 unum
1214 3514 1482 3570 Christum
1525 3530 1806 3586 personam
1836 3516 2031 3572 divini-

434 3607 565 3665 tatis
589 3606 915 3676 signiﬁcaret
942 3605 1193 3672 existere,
1227 3615 1286 3660 ut
1320 3621 1444 3661 eum
1486 3605 1553 3660 ab
1582 3606 1687 3662 alio
1716 3608 1804 3679 qui
1833 3608 1884 3662 in
1928 3611 2028 3664 hu-

445 3698 707 3751 inanitate
742 3694 1042 3752 credendus
1089 3695 1284 3762 fuerat,
1317 3707 1613 3767 separaret.
1649 3697 2027 3754 Verumtamen

446 3787 583 3842 absit
613 3786 716 3842 hoc
742 3802 771 3841 a
797 3786 1043 3843 ﬁdelibus
1070 3788 1372 3856 mentibus,
1416 3789 1575 3867 longe
1602 3792 1696 3845 llat
1719 3805 1749 3845 a
1772 3789 2031 3847 Christia-

446 3876 530 3932 nis
556 3876 1025 3947 diSputationibus.
1058 3879 1287 3937 Proinde
1320 3882 1405 3937 illi
1450 3897 1586 3957 quos
1613 3898 1808 3953 negare
1838 3884 2032 3939 asserit

446 3968 729 4026 Dominum
763 3980 1007 4029 nostrum
1059 3972 1241 4029 Jesum
1271 3975 1540 4031 Christum
1589 3991 1755 4031 unum
1801 3991 1922 4037 e~se
1963 3976 2031 4031 de

443 4072 625 4118 sancta
653 4073 708 4119 et
748 4063 1020 4120 individua
1047 4066 1329 4133 Trinitate,
1374 4069 1419 4123 si
1469 4068 1705 4123 fatentur
1747 4069 2028 4125 Dominum

444 4164 685 4219 nostrum
712 4156 894 4213 Jesum
927 4157 1197 4213 Christum
1231 4158 1395 4213 Deum
1425 4172 1565 4225 esse,
1590 4160 1684 4215 Dei
1712 4160 1930 4226 Filium,
1954 4161 2034 4216 ia-

441 4256 585 4304 ctum
623 4248 858 4303 Dominis
886 4248 1079 4315 ﬁlium;
1104 4259 1159 4303 et
1188 4248 1310 4303 ideo
1333 4250 1607 4304 nominato
1638 4250 1865 4306 Domino
1902 4252 2031 4309 Iesu

441 4338 658 4395 Christo
688 4356 792 4396 non
828 4341 1101 4397 hominem
1125 4355 1341 4410 purum,
1384 4339 1480 4396 sed
1516 4341 1749 4396 divinam
1790 4344 1950 4398 simul
1978 4355 2034 4401 et

443 4432 733 4487 humanam
762 4434 1113 4488 substantiam
1158 4431 1451 4498 nominari;
1495 4432 1541 4489 si
1590 4432 1822 4491 fatentur
1862 4434 2031 4492 Deum

2130 3236 2209 3291 bit
2238 3237 2546 3306 apostolus,
2601 3238 2989 3309 interrogatus,
3036 3240 3171 3308 Quid
3222 3242 3421 3296 unam?
3462 3256 3589 3298 mox
3636 3259 3723 3301 re-

2128 3329 2392 3401 spondeo,
2422 3331 2747 3398 Ecciesiam,
2787 3334 2911 3402 quia
2934 3335 3043 3402 jam
3079 3334 3197 3389 illas
3226 3346 3429 3403 septem
3452 3336 3723 3392 Ecclesiae

2131 3422 2265 3477 disi.
2302 3422 2429 3478 Pari
2460 3425 2670 3479 ratione
2708 3425 2754 3479 si
2786 3425 3031 3480 homines
3061 3434 3169 3480 tres
3200 3427 3489 3481 accessisse
3516 3428 3722 3493 aliquo,

2132 3525 2223 3571 aut
2253 3517 2545 3571 recessisse
2561 3516 2779 3571 aliunde
2799 3517 3138 3585 pronuntiem
3157 3556 3173 3582 ,
3197 3532 3321 3571 cum
3342 3519 3547 3584 dixero,
3570 3517 3723 3574 Unus

2134 3623 2199 3663 ex
2229 3608 2311 3663 his
2340 3609 2486 3663 venit
2512 3606 2579 3662 ad
2617 3622 2736 3677 me,
2773 3608 3167 3680 interrogatus,
3196 3608 3336 3675 Quid
3374 3610 3556 3663 unus?
3600 3623 3721 3662 mox

2133 3698 2457 3769 respondeo,
2491 3699 2695 3766 Homo,
2727 3698 2979 3768 quoniam
3007 3699 3128 3753 illos
3156 3710 3261 3754 tres
3301 3697 3547 3754 homines
3581 3697 3722 3753 disi.

2132 3792 2266 3847 Cum
2316 3806 2446 3847 vero
2502 3791 2826 3857 dixerimus,
2879 3792 3157 3846 Dominum
3209 3791 3390 3846 Jesum
3446 3790 3722 3847 Christum

2136 3899 2299 3938 unum
2328 3896 2450 3938 esse
2479 3883 2545 3938 de
2572 3891 2758 3938 sancta
2783 3894 2838 3937 et
2859 3882 3134 3937 individua
3165 3883 3425 3938 Trinitate
3443 3924 3458 3948 ,
3493 3886 3723 3939 interro-

2134 3977 2264 4048 gati,
2306 3975 2445 4041 Quid
2472 3973 2645 4029 unus?
2668 3990 2773 4029 non
2804 3988 3093 4045 possumus
3116 3974 3323 4037 dicere,
3362 3990 3503 4033 unus
3548 3976 3720 4043 Dens,

2134 4069 2257 4141 quia
2286 4069 2522 4124 Trinitas
2546 4069 2634 4124 illa
2661 4084 2769 4123 non
2808 4079 2890 4124 est
2920 4068 3180 4133 Deorum;
3215 4082 3312 4122 nec
3342 4068 3605 4136 permittit
3635 4082 3723 4123 ra-

2136 4162 2215 4216 tio
2247 4169 2306 4215 ut
2327 4160 2573 4215 dicamus
2605 4178 2619 4215 :
2654 4161 2912 4215 Dominus
2942 4159 3100 4215 Jesns
3139 4158 3381 4216 Christus
3410 4174 3547 4214 unus
3582 4159 3723 4215 Deus

2132 4261 2215 4306 est
2238 4250 2305 4305 de
2334 4260 2519 4305 sancta
2551 4259 2606 4305 et
2628 4249 2897 4304 individua
2921 4247 3220 4315 Trinitate;
3252 4248 3346 4303 sed
3375 4248 3603 4303 dicimus
3625 4264 3725 4319 po-

2138 4343 2244 4400 tius
2276 4359 2289 4397 :
2314 4344 2446 4399 Tota
2478 4343 2713 4398 Trinitas
2741 4357 2879 4396 unus
2909 4342 3073 4397 Deus.
3102 4342 3362 4399 Similiter
3384 4342 3724 4410 interrogati,

2137 4433 2276 4500 Quid
2300 4418 2476 4489 unus?
2497 4432 2711 4504 quando
2737 4431 2967 4487 dicimus
3005 4431 3285 4486 Dominum
3334 4431 3523 4489 Jesutu
3564 4430 3726 4485 Chri-

441 4524 782 4591 Trinitatem,
818 4524 1028 4580 Patrem
1055 4538 1196 4595 esse,
1227 4535 1282 4581 et
1309 4524 1521 4594 Filium,
1545 4537 1600 4582 et
1628 4527 1884 4599 Spiritum
1907 4543 2032 4583 san-
2058 4507 2109 4568 Ῑ)
2136 4533 2277 4579 stum
2308 4540 2476 4580 unum
2526 4540 2650 4580 esse
2685 4523 2759 4582 de
2807 4533 2991 4580 sancta
3023 4534 3077 4580 et
3126 4524 3393 4581 individua
3435 4524 3723 4594 Triaitate,

441 4627 619 4685 ctum;
648 4626 703 4673 et
734 4617 875 4673 hunc
919 4616 1112 4674 Filium
1160 4621 1281 4675 sine
1316 4633 1425 4690 quo
1469 4619 1704 4675 Trinitas
1756 4637 2030 4694 nunquam

442 4710 564 4775 fuit,
591 4719 647 4767 et
670 4724 775 4781 quo
802 4725 1016 4766 carnem
1044 4700 1371 4780 suscipiente
1401 4715 1598 4768 mansit
1632 4712 1896 4779 Trinitas;
1921 4715 2027 4769 sie-

440 4815 497 4858 ut
529 4817 745 4875 semper
773 4811 857 4857 est
899 4801 1162 4869 Trinitas,
1188 4816 1251 4856 ex
1284 4801 1436 4857 initio
1482 4805 1867 4860 incarnationis
1894 4820 2026 4871 suzc,

441 4896 617 4967 ipsum
656 4911 777 4953 esse
816 4893 1121 4963 intelligunt
1165 4893 1444 4947 Dominum
1483 4892 1667 4949 JeSum
1707 4894 2025 4954 Christum:

443 4988 563 5056 quid
594 4987 659 5041 ad
692 5000 812 5053 nos,
844 4982 1170 5056 quibuslibet
1192 4983 1368 5037 Verbis
1400 4992 1601 5038 rectam
1641 4985 1936 5054 praedicent
1966 4987 2029 5041 ﬁ~

447 5078 602 5133 detn?
631 5078 931 5133 Vitlendunt
963 5078 1139 5146 potius
1162 5089 1281 5130 reor
1318 5085 1370 5129 et
1405 5073 1851 5130 considerandum
1901 5077 2026 5134 dili-

447 5170 675 5237 gentius,
724 5186 820 5224 cur
855 5170 1110 5223 Dominus
1140 5167 1295 5222 Jesus
1339 5167 1585 5250 Christus
1628 5183 1766 5223 unus
1811 5183 1932 5223 esse
1960 5169 2028 5225 de

444 5270 624 5315 sancta
669 5270 722 5316 et
770 5261 1046 5318 individua
1087 5261 1348 5317 Trinitate
1375 5260 1536 5317 nimis
1564 5272 1720 5317 caute
1750 5276 1781 5315 a
1810 5263 2029 5333 quihus-

444 5346 567 5401 dam
598 5361 838 5419 negetur.
863 5353 1061 5408 Tribus
1089 5355 1233 5409 enim
1265 5352 1461 5423 modis,
1492 5364 1747 5425 quantum
1775 5367 1892 5407 mea
1924 5352 2028 5408 i‘ert

443 5439 642 5506 opinio,
667 5444 946 5498 sententiae
974 5445 1134 5516 hujus
1164 5456 1410 5517 suspecta
1441 5446 1684 5502 redditur
1708 5444 2025 5516 propositio.

517 5646 750 5724 ‘_l"9r_te,
778 5650 1161 5724 afﬁrmantibus.
1194 5653 1300 5706 Sed
1343 5653 1475 5707 nihil
1519 5662 1665 5708 muto
1700 5672 1709 5706 2
1745 5652 1870 5724 quia
1902 5667 2025 5707 mox

439 5718 594 5775 initio
616 5719 643 5787 §
665 5718 725 5773 11
757 5719 921 5775 verbo
948 5719 1156 5785 firmare
1182 5726 1344 5779 utitur
1377 5734 1579 5779 auctor.

2136 4632 2245 4673 non
2277 4631 2561 4687 possumus
2583 4616 2933 4689 respondere,
2958 4617 3159 4686 Fiiius,
3204 4618 3325 4689 quia
3354 4618 3591 4674 Trinitas
3631 4618 3723 4675 illa

2134 4724 2244 4765 non
2280 4719 2364 4765 est
2391 4709 2658 4775 ﬁliorum;
2690 4724 2828 4764 unus
2856 4710 3000 4767 enim
3031 4711 3083 4764 ia
3115 4708 3375 4769 Trinitate
3420 4718 3504 4765 est
3530 4708 3723 4768 Pinus.

2136 4802 2204 4856 Et
2232 4801 2278 4855 si
2322 4801 2517 4855 dicitur
2543 4801 2616 4855 ita
2647 4800 2755 4854 dici
2788 4817 2802 4854 :
2831 4801 3084 4855 Dominus
3109 4799 3263 4855 Jestts
3285 4799 3555 4866 Christus,
3584 4815 3724 4856 unus

2133 4903 2217 4948 est
2243 4894 2312 4947 de
2340 4902 2523 4946 sancta
2551 4901 2605 4948 et
2634 4891 2907 4947 individua
2936 4891 3199 4949 Trinitate
3218 4933 3232 4955 ,
3263 4900 3514 4962 tanquam
3542 4890 3590 4947 si
3634 4892 3725 4946 di-

2132 4994 2307 5049 catur,
2342 4999 2444 5038 una
2472 4998 2723 5052 persona,
2756 4983 3060 5039 rectissime
3088 4983 3187 5039 hoc
3214 4983 3442 5050 dicitur;
3472 4983 3727 5039 sedeon-

2135 5075 2475 5130 venientibus
2501 5074 2683 5142 modo,
2726 5076 2771 5129 si
2808 5074 2910 5129 hoc
2940 5075 3011 5129 ita
3038 5075 3269 5141 v.detur,
3304 5090 3407 5130 una
3439 5088 3669 5143 persona
3696 5073 3723 5114 δ

2133 5185 2291 5239 quam
2337 5183 2474 5223 unus
2519 5168 2743 5234 dicitur,
2785 5185 2853 5223 ne
2903 5185 3086 5238 parum
3138 5168 3577 5240 inteliigentibus,
3630 5179 3725 5224 aut

2134 5266 2272 5319 tnale
2328 5261 2723 5331 suspicantibus
2781 5262 3091 5316 scaudalnm
3139 5276 3469 5330 procuretur.
3515 5260 3727 5329 Quibus

2134 5370 2263 5425 ergo
2307 5354 2480 5409 tnodis
2512 5354 2627 5407 haec
2672 5354 2941 5409 sententia
2989 5353 3057 5409 ab
3106 5353 3390 5423 aliquantis
3426 5351 3727 5409 refellenda

2132 5452 2214 5508 vel
2246 5450 2482 5506 cavenda
2502 5448 2793 5519 judicetur,
2818 5446 3136 5519 simpliciter
3162 5447 3274 5504 dixi
3299 5465 3312 5501 :
3337 5456 3593 5504 caeterum
3620 5459 3727 5516 ego

2204 5648 2232 5688 ι)
2266 5648 2362 5704 llic
2393 5646 2599 5702 videtur
2631 5645 2843 5715 deesse,
2876 5648 3064 5719 potius.
