3998 6202
245 307 362 366 921.

247 441 348 484 nec
374 422 682 482 volentibus
737 437 838 482 nec
893 421 1198 480 nolentibus
1250 421 1434 479 dicere
1482 421 1828 477 eontradixi:

241 515 372 591 quia
401 514 533 572 nihil
556 530 585 570 a
612 529 699 571 me
718 523 922 572 certum
947 529 1107 584 posse
1135 512 1383 580 deﬁniri,
1427 513 1480 569 in
1535 512 1692 581 hujus
1723 511 1834 579 epi-

240 609 399 668 stola:
419 609 594 678 capite
614 607 723 678 jam
757 607 1004 677 praedixi.

317 703 410 758 ll.
434 697 700 756 Caeterum
723 699 767 753 si
790 711 934 754 certa
959 698 1022 752 ad
1043 713 1141 752 nos
1169 696 1440 752 mandavit
1463 696 1645 766 Opinio
1662 695 1828 766 (quod

246 798 467 852 ﬁrmare
495 793 615 847 ideo
637 791 847 856 dubito,
876 791 994 860 quia
1023 789 1148 844 nihi:
1175 790 1369 846 exinde
1401 789 1509 843 luis
1537 788 1729 842 litteris
1756 789 1836 840 itt-

243 891 490 943 Iimatum
518 899 624 939 non
655 883 884 938 inaniter
907 882 1130 954 cogito),
1163 883 1330 935 miror
1355 880 1626 950 quomodo
1659 879 1711 931 hi
1741 878 1830 946 qui

245 980 531 1035 Dominum
580 983 820 1030 nostrum
863 973 1046 1028 Jesum
1098 974 1370 1027 Christum
1417 982 1612 1042 negant
1665 985 1830 1025 unum

239 1084 368 1126 esse
391 1069 460 1124 de
487 1080 673 1122 sancta
704 1075 758 1122 et
797 1065 1065 1120 individua
1097 1064 1381 1129 Trinitate,
1425 1061 1670 1117 conﬁteri
1707 1077 1829 1116 eum

241 1162 496 1219 dicantur
520 1174 686 1213 unum
710 1173 830 1213 esse
861 1172 924 1211 ex
958 1167 1142 1210 sancta
1173 1166 1226 1210 et
1248 1154 1517 1210 individua
1544 1153 1829 1208 'l‘rinitate.

239 1255 380 1322 Quid
426 1252 616 1306 harum
648 1251 1070 1320 propositionum
1099 1249 1400 1303 differentia
1433 1248 1705 1312 moliatur,
1735 1262 1832 1300 au-

237 1348 359 1402 dire
384 1359 667 1416 cuperem;
714 1345 759 1398 si
805 1341 1021 1410 liceret,
1056 1351 1350 1413 praesentes
1395 1342 1781 1412 interrogarem
1813 1358 1827 1394 :

239 1440 435 1495 vellem
463 1438 666 1504 dicere,
691 1436 734 1490 si
759 1437 978 1490 daretur
1005 1449 1309 1490 sermonem
1351 1434 1468 1489 sine
1496 1434 1674 1488 studio
1697 1448 1830 1488 cou-

240 1532 502 1587 tentionis
530 1531 790 1584 inserere.
824 1528 878 1584 Si
909 1528 1051 1584 enim
1074 1526 1334 1582 dicendus
1361 1537 1441 1582 est
1465 1542 1603 1582 unus
1625 1543 1689 1582 ex
1713 1526 1835 1580 Tri-

238 1626 408 1679 nitate
441 1623 702 1678 Dominus
757 1621 913 1677 Jesus
964 1620 1240 1685 Christus,
1297 1631 1514 1688 prOpter
1571 1619 1830 1674 unitatem

237 1730 488 1786 personae
521 1717 704 1786 utique
729 1713 989 1770 dicendus
1017 1724 1121 1780 est,
1145 1723 1200 1767 ut
1231 1713 1546 1768 ostendatur
1571 1711 1693 1781 quia
1743 1712 1831 1768 ille

240 1811 383 1882 Deus
411 1810 716 1881 unigenitus
747 1808 860 1878 ipse
889 1808 1058 1862 factus
1085 1816 1168 1864 est
1197 1807 1376 1862 homo.
1408 1809 1514 1862 (Zur
1557 1820 1661 1860 non
1701 1821 1828 1874 ergo
1859 1797 1907 1857 Β

235 1905 450 1959 dicatur
477 1905 661 1968 etiam,
695 1903 760 1956 de
794 1901 1090 1964 Trinitate,
1125 1910 1184 1957 ut
1221 1899 1535 1954 ostendatur
1582 1897 1832 1952 similiter

236 1997 513 2064 pertinere
569 1994 634 2048 ad
681 1993 974 2048 essentiam
1021 1992 1320 2057 Trinitatis,
1378 1991 1501 2060 quia
1556 1999 1828 2056 assumpta

235 2090 422 2143 servili
448 2090 614 2142 forma
646 2088 1026 2142 contumeliam
1058 2084 1276 2154 pertulit
1306 2082 1532 2138 mortis?
1552 2081 1658 2137 Sed
1692 2080 1736 2134 si
1765 2096 1832 2136 eo

237 2195 408 2234 sensu
454 2195 558 2234 non
587 2180 784 2234 dicitur
816 2194 954 2232 unus
983 2193 1103 2232 esse
1145 2177 1212 2231 de
1264 2187 1447 2231 sancta
1477 2185 1529 2230 et
1557 2172 1830 2228 individua

235 2273 523 2337 'l‘rinitate,
575 2271 668 2326 sed
725 2287 790 2324 ex
837 2281 1019 2324 sancta
1065 2269 1326 2326 Trinitate
1362 2269 1616 2323 Dominus
1672 2267 1830 2321 Jesus

233 2363 508 2424 Christus,
539 2372 595 2416 ut
620 2363 933 2416 ostendatur
985 2361 1113 2415 nihil
1156 2362 1467 2415 substantia
1508 2373 1627 2413 cum
1655 2357 1827 2412 Trini-

241 2465 357 2512 tate
405 2456 606 2510 habere
654 2469 978 2512 commune:
1008 2455 1148 2512 sicut
1202 2454 1323 2509 ideo
1365 2467 1464 2506 nos
1504 2451 1733 2506 dicimus
1763 2465 1826 2504 ex

235 2548 375 2615 Deo,
401 2557 455 2602 et
481 2563 584 2601 non
616 2552 682 2601 de
713 2547 841 2613 Deo,
889 2548 1013 2617 quia
1058 2546 1161 2600 alia
1217 2555 1300 2600 est
1349 2552 1555 2609 nostra,
1585 2544 1704 2600 alia
1737 2543 1826 2596 Dei

234 2638 537 2694 substantia
563 2637 750 2710 (omne
775 2637 916 2692 enim
959 2638 1103 2706 quod
1139 2637 1206 2692 de
1231 2637 1410 2704 aliquo
1437 2635 1598 2690 fuerit
1618 2679 1632 2703 ,
1667 2637 1827 2690 etiam

234 2739 301 2787 ut
323 2747 389 2788 ex
420 2733 610 2788 eodem
633 2734 816 2802 aliquo
845 2733 912 2786 sit
947 2748 1169 2787 necesse
1189 2741 1306 2797 est;
1333 2748 1436 2786 non
1470 2741 1644 2786 tamen
1668 2747 1828 2786 omne

235 2825 382 2894 quod
411 2841 474 2880 ex
497 2825 676 2895 aliquo
706 2826 833 2890 erit,
862 2826 1119 2878 continuo
1148 2825 1309 2880 etiam
1341 2825 1408 2878 de
1439 2824 1628 2877 eodem
1647 2824 1828 2892 aliquo

234 2928 362 2969 esse
389 2924 562 2984 potest
590 2932 606 2968 :
638 2914 776 2968 sicut
802 2915 980 2970 omnia
1012 2929 1076 2970 ex
1108 2914 1240 2980 Deo,
1267 2931 1368 2968 non
1395 2923 1571 2968 tamen
1605 2913 1672 2967 de
1697 2913 1825 2979 Deo;

234 3009 432 3065 Filium
466 3026 589 3064 vero
621 3010 972 3079 unigenitum,
1021 3018 1075 3062 et
1115 3008 1182 3064 de
1224 3009 1332 3064 Deo
1358 3023 1413 3062 et
1440 3022 1501 3060 ex
1553 3007 1661 3060 Deo
1705 3020 1828 3061 esse

235 3102 539 3155 rectissime
576 3099 938 3169 confitemur);
983 3101 1129 3154 videt
1185 3100 1352 3153 etiam
1403 3097 1683 3165 prudentia
1731 3111 1823 3167 ve-

1421 301 1780 361 EPISTOLAE
1823 301 1905 356 ET
1947 301 2330 360 UNISCULA.

1864 417 1917 481 Α
2011 420 2180 476 Valde
2238 419 2501 492 maximas
2556 433 2675 475 sum
2725 433 2916 492 passus
2972 421 3267 492 angustis,
3317 423 3527 493 quando

3427 309 3533 366 922

1939 515 2136 582 scripta
2172 527 2348 569 vestra
2375 516 2732 586 suscepimus,
2765 516 2919 584 cujus
2951 519 3365 586 perturbationis
3392 519 3528 574 indi-

1938 606 2081 660 cium
2112 606 2266 678 longa
2313 609 2645 662 taciturnitas
2675 609 2793 662 fut.
2839 609 2968 663 Nam
2997 610 3041 664 si
3075 611 3414 665 considerare
3440 613 3529 665 di-

1937 700 2173 768 gnemini
2203 715 2359 768 quam
2400 699 2624 754 festinus
2672 714 2793 754 esse
2818 700 3020 756 soleam
3062 711 3272 770 semper
3302 701 3368 755 ad
3395 703 3530 756 obe-

1936 790 2189 845 diendum
2225 779 2559 862 jussitiuibus
2605 795 2823 860 vestris,
2857 810 2960 848 non
3016 793 3208 849 minori
3256 793 3528 850 devotioni

1937 883 2301 950 reaponsionis
2343 882 2500 952 hujus
2549 884 2870 952 deputaltitis
2921 899 3124 940 moras.
3165 884 3342 953 Quare
3383 886 3526 941 enim

1936 971 2025 1028 diu
2054 972 2270 1029 silerem
2294 1015 2310 1036 ,
2343 975 2443 1029 nisi
2480 974 2822 1044 trepidarem,
2858 991 2960 1029 non
3013 977 3301 1031 veritatem
3349 976 3529 1031 dicere

1936 1065 2001 1119 tle
2043 1067 2342 1135 quastione
2394 1081 2565 1134 nuper
2621 1076 2844 1132 exorta,
2876 1067 3156 1123 silentibus
3211 1067 3307 1122 scd
3352 1069 3531 1122 adhuc

1935 1160 2204 1213 Africanis
2241 1159 2518 1225 Ecelesiis,
2542 1169 2666 1214 ante
2686 1171 2893 1230 tempus
2917 1162 3155 1229 proferre
3179 1163 3530 1216 sermonem?

1937 1249 2263 1318 Simpliciter
2293 1258 2469 1305 tamen
2487 1293 2501 1316 ,
2522 1250 2877 1319 compellente
2895 1250 3138 1320 jussione
3156 1234 3360 1316 vestra,
3381 1253 3524 1320 quod

1935 1346 2203 1400 credimus
2259 1345 2544 1414 loquimur,
2580 1356 2635 1398 ιιι
2673 1345 2810 1400 scire
2844 1346 3135 1414 dignemini
3178 1346 3300 1415 quia
3348 1347 3529 1398 voltis-

1933 1452 2052 1492 cum
2085 1437 2270 1504 corde,
2302 1439 2578 1492 vobiscum
2613 1437 2736 1504 ﬁde,
2770 1438 3039 1491 vobiscum
3089 1436 3380 1492 secundum
3433 1436 3528 1490 bo-

1936 1542 2057 1580 nam
2089 1542 2271 1596 spem,
2306 1528 2580 1584 vobiscum
2630 1527 2682 1580 in
2733 1526 2995 1582 cltaritate
3048 1543 3153 1580 non
3197 1525 3337 1580 ﬁcta.
3369 1526 3526 1591 Qua:-

1935 1637 2148 1692 cunque
2175 1623 2318 1676 enim
2341 1621 2633 1692 sapienter,
2665 1622 2919 1685 breviter,
2949 1623 3214 1676 veraciter
3247 1620 3526 1686 inlimatis,

1937 1715 2123 1770 eadem
2156 1715 2450 1778 credimus,
2478 1714 2664 1768 eadem
2698 1714 2992 1780 sentimus,
3023 1713 3210 1766 eadem
3236 1710 3523 1777 loquimur.

2006 1805 2060 1860 ΕΞ.
2097 1806 2284 1862 Verbis
2306 1806 2618 1875 apostolicis
2643 1806 2896 1862 suadeam
2931 1805 3204 1859 ministros
3230 1803 3372 1858 sedis
3396 1817 3526 1872 apo.

1933 1902 2133 1957 stolica:
2163 1901 2460 1972 gloriosos:
2495 1900 2669 1968 State,
2695 1913 2740 1955 et
2768 1909 2932 1956 tenete
2962 1900 3262 1952 traditiones
3286 1912 3414 1965 quas
3447 1895 3529 1948 di-

1934 1992 2239 2063 dicistisUl
2288 1992 2466 2046 Thess.
2504 2009 2561 2058 ιι,
2595 1991 2706 2060 14).
2753 1993 2868 2046 Νοιι
2919 1990 3135 2059 espcdit
3180 1989 3523 2056 antiquorum

1934 2087 2153 2140 Patrum
2183 2087 2274 2157 qui
2302 2085 2728 2141 Chalcedonensi
2761 2099 3051 2140 noscuntur
3075 2083 3381 2138 interfuisse
3400 2095 3527 2150 eon-~

1933 2180 2055 2234 ciliu
2081 2180 2369 2248 vituperari
2415 2175 2858 2233 deliberatimtem
2881 2219 2895 2240 ,
2923 2177 3198 2231 retractari
3230 2174 3526 2243 judicium.

1934 2275 2127 2328 mutari
2185 2273 2505 2328 sententiam
2553 2289 2566 2323 :
2603 2286 2669 2324 ne
2720 2271 2960 2341 synodus
3006 2266 3352 2331 venerabilis,
3385 2263 3525 2332 apud

1933 2383 2120 2422 omnes
2151 2367 2418 2422 Ecclesias
2442 2363 2673 2422 Orientis
2695 2374 2746 2418 et
2775 2363 3079 2418 Occidentis
3105 2378 3199 2430 per
3221 2375 3394 2415 annos
3417 2370 3525 2413 tam

1934 2460 2196 2530 plurimos
2225 2457 2342 2511 sine
2371 2457 2549 2527 aliqua
2595 2455 2924 2509 dubitatione
2957 2455 3185 2516 ﬁrmata,
3221 2449 3409 2518 perdat
3433 2461 3527 2498 su-

1935 2550 2045 2603 bito
2077 2547 2427 2602 revttrentiam
2460 2561 2646 2611 suam;
2681 2560 2780 2600 nec
2823 2547 2992 2612 possit
3033 2545 3086 2596 in
3127 2539 3527 2596 definitionibus

1935 2640 2054 2694 ﬁdei
2090 2639 2253 2693 robur
2282 2637 2576 2692 inﬂexibile
2605 2636 2898 2698 custodire,
2931 2636 2975 2690 si
3018 2635 3242 2701 cmperit
3264 2648 3326 2687 ex
3353 2631 3526 2700 aliqua

1933 2742 2084 2801 parte
2108 2732 2310 2800 fragilis
2337 2740 2428 2785 aut
2453 2731 2873 2799 reprehensione
2899 2729 3054 2798 digna
3079 2728 3344 2783 convinci.
3365 2725 3525 2794 Quid-

1932 2824 2059 2892 quid
2109 2825 2274 2878 semel
2323 2822 2573 2876 statuitur
2621 2824 2673 2876 in
2721 2823 2951 2876 concilio
3005 2830 3059 2875 ct
3105 2820 3524 2890 congregatione

1932 2926 2239 2972 sanctorum
2266 2917 2500 2982 Patrum,
2533 2925 2842 2985 perpetuam
2870 2914 3032 2968 debet
3062 2915 3308 2969 obtinere
3325 2911 3528 2983 iugiter

1935 3009 2258 3062 firmitatem.
2306 3007 2418 3074 Qua
2473 3008 2617 3062 enim
2667 3005 2845 3061 fronte
2899 3007 3284 3061 cantabimus:
3322 3005 3527 3072 Quanta

1935 3101 2243 3167 audivimus,
2267 3109 2316 3154 et
2341 3100 2670 3172 cognovimus
2699 3114 2789 3164 ea,
2819 3107 2866 3151 et
2897 3108 3065 3167 patres
3095 3098 3256 3151 nostri
3279 3113 3528 3149 narrare-

233 3206 581 3264 stra,purum
604 3193 781 3249 abhis
807 3194 1080 3248 hominem
1112 3192 1391 3263 praedicari
1419 3191 1701 3247 Dominum
1736 3189 1814 3246 Je-
1854 3180 1900 3242 C
1933 3201 2052 3246 runt
2073 3191 2217 3246 nobis
2258 3189 2374 3263 (Ps.
2403 3206 2607 3256 uxvtt,
2641 3189 2729 3260 5);
2759 3191 2804 3244 si
2828 3190 3038 3261 quoties
3068 3189 3231 3252 libet,
3267 3189 3426 3242 toties
3467 3188 3527 3240 li-

233 3303 358 3353 sum
387 3286 690 3355 Christum;
719 3297 774 3344 et
802 3286 1024 3343 omnino
1053 3287 1196 3341 hunc
1242 3301 1458 3341 sensum
1486 3327 1501 3354 ,
1536 3286 1637 3340 nisi
1687 3284 1830 3341 forte

235 3379 432 3436 melius
461 3389 551 3433 aut
579 3379 752 3447 aptius
783 3388 1102 3447 exponatur,
1128 3377 1640 3448 perieulosissimum
1683 3377 1832 3446 judi-

235 3471 373 3524 cari.
421 3469 572 3526 Unde
613 3469 985 3526 desistendum
1016 3485 1046 3525 a
1085 3470 1526 3525 contentionibus
1554 3483 1700 3536 reor,
1731 3483 1828 3523 ex-

233 3562 591 3631 apectandum
653 3563 829 3632 potius
886 3561 1241 3630 persuadens,
1293 3562 1662 3631 patientcrque
1695 3559 1832 3616 hanc

233 3653 630 3709 dubitationem
663 3652 963 3716 ferendam.
1005 3653 1178 3708 donec
1225 3651 1543 3708 universalis
1577 3651 1834 3706 Ecclesiae

232 3743 562 3798 auctoritate
588 3743 672 3799 vel
701 3743 1079 3811 pronuntietur
1103 3741 1473 3809 suscipienda,
1513 3739 1596 3795 vel
1637 3739 1832 3809 proda-

235 3846 324 3891 tur
353 3834 678 3904 abjicienda.
711 3835 898 3903 Neque
951 3834 1098 3889 enim
1159 3833 1292 3888 ﬁdes
1340 3847 1491 3902 vera,
1523 3832 1567 3885 si
1615 3832 1684 3886 de
1733 3830 1834 3885 hac

234 3933 509 3987 sententia
544 3936 808 3994 taceatur,
838 3929 1014 3982 minus
1055 3927 1458 3997 praedicabitur;
1482 3932 1575 3979 aut
1611 3923 1708 3978 nisi
1739 3939 1835 3992 per

161 4023 168 4034 ’
234 4023 380 4078 hanc
400 4021 726 4078 sententiam
751 4019 1053 4086 roboratur,
1105 4019 1282 4073 minus
1323 4017 1476 4072 ﬁrma
1504 4016 1835 4070 existimabi-

234 4123 370 4168 tur:
402 4128 547 4178 cum,
575 4111 787 4168 etiamsi
845 4113 916 4168 ita
971 4119 1136 4176 esset,
1184 4109 1337 4179 sequi
1392 4123 1493 4163 nos
1537 4106 1835 4177 apostolica

233 4206 404 4262 verba
456 4205 574 4275 plus
619 4204 863 4270 deceret,
895 4204 983 4259 ubi
1018 4202 1172 4258 nobis
1193 4201 1428 4257 dicitur:
1467 4199 1833 4256 Verumtamen

231 4298 288 4352 in
316 4297 454 4367 quod
471 4296 809 4367 pervenimus,
841 4296 895 4350 in
923 4312 980 4350 eo
1005 4295 1362 4359 ambulemus;
1390 4300 1471 4360 et,
1500 4292 1708 4363 Siquid
1735 4293 1834 4345 ali-

227 4392 538 4460 tersapitt's,
569 4392 665 4444 hac
709 4406 910 4460 quoque
958 4388 1094 4444 vobis
1143 4389 1282 4444 Deus
1310 4386 1547 4442 reuelabit
1596 4384 1830 4456 (Philip.

229 4498 318 4552 tu,
353 4481 445 4549 16,
479 4482 590 4555 15).
620 4483 705 4539 Ad
729 4484 828 4537 hoc
859 4485 1224 4554 pervenimus,
1263 4481 1403 4536 scire
1432 4481 1715 4535 Dominum
1741 4479 1828 4535 Jeo

230 4541 356 4630 sum
385 4541 660 4630 Christum
686 4589 757 4628 ex
787 4541 1178 4642 duabus'atquc
1203 4541 1252 4626 in
1277 4569 1484 4624 duabus
1513 4569 1830 4625 substantiis
1859 4541 1910 4604 υ

229 4667 318 4721 vel
354 4665 583 4731 naturis,
618 4680 779 4719 unam
811 4663 1010 4718 habere
1042 4677 1346 4732 personam.
1379 4660 1493 4716 Hoc
1527 4671 1826 4724 teneamus,

227 4756 340 4813 hoc
367 4757 669 4828 sapiamus,
700 4757 802 4811 hoc
825 4753 1210 4826 praedicamus;
1243 4762 1298 4810 et
1321 4754 1365 4810 si
1390 4753 1634 4824 quaedam
1662 4754 1826 4810 verba

227 4851 416 4906 minus
455 4859 611 4906 caute
651 4848 1010 4919 proferamus,
1044 4856 1134 4900 aut
1167 4846 1284 4916 plus
1316 4845 1452 4899 forte
1499 4843 1715 4900 solliciti
1749 4853 1832 4900 ta-

225 4956 476 5009 ceamus,
507 4941 653 4998 velut
681 4942 726 4996 si
755 4941 882 5011 quid
909 4940 1066 4996 aliter
1110 4953 1442 5010 saperemus,
1483 4937 1585 4995 ltoc
1613 4954 1829 5010 quoque

228 5033 380 5089 Deus
408 5033 565 5089 nobis
595 5033 877 5089 revelabit.

791 5147 1128 5204 EPISTOLA
1165 5147 1251 5204 Vl.

261 5255 334 5294 AD
367 5255 633 5296 PBLAGIUII
674 5258 739 5296 ET
778 5257 1077 5298 ANATOIJUII
1118 5255 1375 5297 DlACONOS
1417 5256 1564 5297 UBBlS
1591 5256 1770 5297 B0318.

221 5353 341 5409 Pro
376 5355 590 5424 epistola
628 5355 736 5408 Iba:
762 5357 985 5424 ἀνίει-συί
1015 5356 1279 5420 Edesseni,
1323 5358 1553 5427 adeoque
1590 5373 1684 5424 pro
1727 5359 1824 5410 tri-

301 5428 679 5551 bt’tslcapitulis
703 5427 907 5482 concilii
932 5427 1358 5483 Chalcedonensis
1381 5445 1398 5482 :
1425 5432 1666 5482 adversus
1697 5431 1825 5483 dce-

301 5516 336 5551 υ
353 5514 406 5550 ta
429 5514 505 5550 os.

298 5514 505 5568 puotos.

302 5595 356 5648 l.
393 5594 630 5651 Dominis
673 5596 994 5652 heatissimis
1023 5603 1078 5650 et
1105 5593 1321 5650 devotis
1352 5594 1630 5663 obsequiis
1663 5608 1826 5648 vene-

215 5685 473 5743 rabilitcr
504 5687 910 5756 prosequendis,
945 5687 1146 5741 Sanctis
1172 5685 1425 5740 fratribus
1455 5696 1507 5741 et
1538 5686 1822 5741 condiaco-

219 5777 340 5849 nis,
372 5776 585 5848 Pelagio
614 5789 666 5862 et
696 5779 946 5836 Anatolio
974 5777 1280 5835 Fetrandus
1304 5779 1552 5846 exiguus.

1934 3296 2021 3342 cet
2060 3301 2248 3341 eorum
2291 3285 2505 3340 decreta
2534 3283 2880 3339 rescindere?
2912 3284 3011 3338 Per
3041 3283 3160 3338 illos
3189 3282 3448 3351 sapientis
3481 3281 3526 3334 i-

1935 3396 2052 3435 mos
2086 3379 2297 3449 iudices
2341 3378 2580 3434 Ecclesia
2612 3376 2874 3432 catholica
2916 3378 3053 3432 dixit
3080 3377 3220 3447 quod
3267 3376 3528 3432 catholica

1937 3470 2176 3526 Ecclesia
2212 3470 2528 3535 custodiret,
2559 3470 2646 3526 vel
2685 3470 2864 3540 potius
2891 3469 3028 3538 quod
3056 3484 3226 3538 usque
3255 3483 3414 3546 nunc»
3435 3483 3530 3523 cu-

1935 3563 2156 3620 stodivit
2189 3580 2205 3619 :
2239 3579 2335 3620 cur
2365 3564 2643 3619 ltodiernis
2673 3579 2818 3619 nunc
2849 3564 3040 3618 iterum
3071 3561 3534 3633 disputationibus

1937 3656 2158 3712 minime
2211 3665 2336 3712 tunc
2393 3656 2732 3726 reprobatam
2786 3656 3142 3723 reprobamus
3196 3655 3533 3722 epistolam!

1937 3747 2084 3804 Fons
2146 3759 2229 3804 est
2294 3749 2575 3818 signatus,
2627 3747 2895 3805 catholica
2956 3746 3240 3813 Ecclesia,
3293 3747 3536 3804 Iacobus

1936 3856 2067 3896 vero
2122 3841 2395 3910 apostolus
2447 3841 2643 3894 clamat
2693 3856 2709 3896 :
2764 3837 3019 3909 Nunquid
3071 3839 3188 3908 [una
3241 3838 3304 3891 de
3349 3839 3530 3890 eodem

1937 3931 2190 4002 foramine
2242 3941 2441 3985 emanat
2491 3931 2694 3984 dulcem
2741 3941 2790 3984 et
2838 3945 3068 3983 amaram
3117 3944 3303 3999 aquam
3363 3929 3380 3994 (
3405 3926 3522 3981 Jac.

1938 4039 2028 4089 ιιι,
2070 4024 2125 4078 ll
2155 4024 2209 4092 )?
2261 4022 2316 4077 Si
2372 4021 2543 4078 dulcis
2585 4037 2718 4091 aqua
2769 4021 3002 4075 manavit
3057 4021 3122 4074 ad
3178 4019 3530 4088 proferendos

1939 4114 2061 4170 ﬁdei
2124 4113 2464 4168 deﬁnitiones
2515 4129 2580 4168 ex
2628 4128 2724 4168 ore
2765 4111 3108 4182 pristinorum
3158 4113 3525 4177 sacerlotum,

1938 4207 2205 4278 quomodo
2256 4207 2373 4262 ﬁeri
2425 4208 2597 4275 potuit
2641 4217 2694 4260 ut
2738 4221 2803 4259 ex
2851 4219 2944 4260 ore
2995 4219 3206 4266 eorum,
3233 4219 3342 4259 non
3390 4205 3526 4258 alio-

1939 4313 2078 4365 rum,
2108 4297 2256 4369 quasi
2300 4313 2365 4353 ex
2416 4312 2602 4353 eorum
2655 4296 2916 4351 foramine
2965 4301 3207 4351 manaret
3254 4295 3307 4350 in
3357 4309 3526 4364 nego-

1939 4392 2014 4446 tio
2045 4390 2366 4461 venerabilis
2397 4389 2500 4444 lbae
2528 4390 2763 4459 episcopi
2791 4432 2808 4456 ,
2840 4403 2946 4443 non
3004 4387 3176 4443 dulcis
3223 4401 3395 4457 aqua,
3428 4386 3522 4441 sed

1939 4483 2173 4538 amarior
2201 4481 2357 4537 felle?
2385 4480 2516 4536 Cum
2565 4482 2758 4536 timore
2795 4495 2859 4536 ac
2887 4491 3121 4536 tremore
3147 4481 3287 4543 dico,
3313 4479 3410 4537 sed
3443 4487 3527 4534 ta-

1939 4590 2060 4629 men
2088 4575 2207 4628 dico
2241 4592 2252 4623 :
2289 4574 2342 4626 Si
2377 4583 2500 4627 tunc
2531 4573 2586 4627 in
2620 4573 2858 4641 quolibet
2897 4576 3114 4645 negotio
3143 4572 3440 4642 proriuavit
3463 4571 3527 4638 liv

1939 4666 2147 4722 delibus
2178 4680 2420 4720 amarum
2453 4674 2665 4736 gustum
2697 4663 3150 4720 Chalcedonensis
3177 4664 3387 4718 caucil’i
3410 4663 3525 4716 Ιιιιιι-

1938 4760 2134 4816 dabilis
2161 4759 2472 4828 disputatio,
2505 4758 2692 4814 demus
2731 4771 2924 4812 manus
2953 4753 3248 4820 hmretieis,
3277 4763 3338 4808 ut
3365 4753 3531 4810 liceat.

1938 4852 2017 4909 eis
2044 4852 2290 4907 salutaris
2315 4850 2541 4906 antidoti
2572 4849 2839 4920 potionem
2867 4850 3017 4920 quasi
3051 4846 3383 4904 mortiferam
3415 4844 3539 4901 cri..

1940 4944 2168 5010 minari,
2199 4943 2352 4998 nobis
2402 4942 2762 5013 praebentibus
2809 4941 3146 4997 occasionem
3170 4979 3186 5003 ,
3226 4958 3243 4991 ι
3281 4938 3408 4990 dum
3465 4935 3530 4989 in.

1937 5037 2115 5095 verbis
2146 5050 2316 5106 pugna
2347 5046 2458 5102 est,
2490 5037 2616 5090 dum
2665 5034 2734 5089 de
2781 5031 3105 5088 novitatibus
3153 5027 3374 5098 quaestio
3401 5034 3529 5093 est,L

1933 5128 2057 5182 dum
2085 5126 2150 5181 de
2181 5127 2445 5196 ambiguis
2467 5126 2678 5181 orcasio
2700 5135 2802 5191 est,
2828 5126 2952 5178 dum
2978 5123 3046 5176 de
3063 5121 3282 5177 auribus
3300 5119 3522 5188 querela

1933 5229 2035 5283 est,
2065 5220 2190 5274 dum
2219 5219 2288 5274 de
2316 5219 2508 5275 studis
2549 5227 2822 5272 certamen
2850 5222 2954 5277 est,
2986 5213 3112 5266 dum
3157 5211 3224 5267 de
3252 5225 3520 5267 consensu

1933 5312 2222 5367 difﬁcultas
2251 5321 2353 5366 est.
2395 5331 2415 5363 ι
2449 5311 2577 5377 Qua:
2605 5307 2790 5376 verba,
2816 5323 2920 5361 non
2963 5321 3100 5372 mea,
3127 5304 3226 5360 sed
3251 5304 3395 5360 beati
3421 5303 3514 5360 lli-

1934 5405 2070 5472 lnrii,
2102 5405 2152 5459 in
2177 5403 2413 5458 secundo
2441 5405 2576 5456 libro
2598 5399 3031 5470 cotttineriqttetn
3059 5400 3122 5453 ad
3144 5397 3522 5454 Constantium

1933 5497 2315 5564 imperatorem
2356 5496 2568 5558 scribit,
2594 5491 2862 5548 beatit.;do
2893 5502 3069 5546 vestra
3095 5491 3307 5561 plenius
3343 5491 3524 5556 novit,

1930 5591 2254 5660 Perpcndite
2285 5604 2432 5659 ergo,
2461 5588 2675 5653 fratres,
2705 5588 2840 5642 inter
2869 5602 3002 5656 quos
3022 5586 3270 5656 scopulos
3297 5583 3522 5638 ﬂuctuet
3563 5599 3570 5607 ’
3603 5601 3605 5603 ί

1930 5684 2083 5738 navis
2135 5681 2452 5746 evangelicae
2485 5678 2896 5745 prmdicatiunis.
2944 5675 3148 5732 Clautat
3178 5676 3382 5732 Isaias:
3426 5673 3520 5728 Vt:

1931 5775 2007 5828 his
2039 5777 2124 5843 qui
2149 5781 2345 5839 ponunt
2367 5771 2590 5824 tenebras
2617 5774 2778 5825 lucem
2803 5770 2934 5840 (lsa.
2973 5786 3026 5839 ν,
3054 5770 3180 5839 '20);
3219 5778 3269 5824 et
3299 5783 3395 5828 nos
3419 5780 3518 5828 att:
