4012 6194
412 353 515 409 923

1327 349 1697 408 FULGENTII
1738 340 2085 403 FEIiIlANDf
2131 339 2402 397 DlACUNl
2438 339 2783 399 CARTHAG.

3574 342 3680 401 99.5

402 478 588 532 demus
620 490 862 531 asserere
901 472 1024 542 quia
1072 478 1255 542 patres
1298 467 1469 524 nostri
1516 466 1767 522 tenebras
1812 465 1984 518 lucem
2014 460 2062 517 Α
2094 459 2395 514 ntunicassc
2420 456 2755 530 significavit.
2781 457 2836 512 Si
2866 455 3171 513 merebatur
3194 440 3293 528 pro
3320 456 3462 513 beati
3490 459 3685 531 Cyrilli

402 584 524 621 esse
552 569 841 630 dixerunt,
878 563 1092 632 quando
1131 562 1412 631 epistolam
1445 558 1691 615 Nestorio
1722 558 1983 612 faventem

401 661 655 714 damnare
686 658 997 723 noluerunt,
1032 657 1143 711 into
1171 656 1331 710 etiam
1362 656 1634 723 suscipere
1663 652 1989 707 voluerunt?

402 751 613 819 Ergone
643 732 882 820 patribus
932 751 1130 804 nostris
1161 747 1496 817 coaptabitur
1539 745 1846 815 prophetica
1878 760 1990 797 ma-

401 842 654 895 ledictio:
694 840 785 895 Va:
821 840 900 893 his
945 841 1031 907 qui
1080 850 1272 907 ponunt
1318 839 1545 891 tenebras
1577 838 1775 889 lucem?
1804 836 1989 889 Nonne

400 929 497 998 ipsi
531 930 743 984 fuerunt
767 930 903 983 sicut
931 930 1215 983 luminaria
1263 928 1315 982 in
1364 928 1583 993 mundo,
1614 926 1833 979 verbum
1863 926 1988 979 vitae

399 1021 757 1088 continentes,
785 1035 1012 1091 quorum
1063 1020 1191 1073 fides
1242 1019 1492 1087 imposuit
1541 1019 1807 1072 silentium
1864 1034 1988 1085 per-

374 1112 563 1168 fidis?
626 1113 820 1182 quibus
882 1124 1027 1167 recte
1090 1111 1431 1166 credentibus
1506 1111 1682 1165 omnis
1757 1109 1989 1163 credidit

399 1204 627 1261 mundus
650 1206 674 1259 τ

468 1298 521 1352 3.
549 1298 628 1351 An
671 1295 903 1349 dicitur:
933 1296 1075 1350 Bene
1103 1296 1471 1362 crediderunt,
1500 1295 1593 1350 sed
1629 1295 1730 1349 Iba:
1759 1311 1985 1349 venera-

399 1386 525 1441 bilis
552 1387 831 1456 epistolam
865 1386 1003 1440 male
1032 1388 1422 1455 susceperunt?
1454 1387 1505 1439 itt
1529 1401 1625 1439 sua
1650 1386 1989 1441 confessione

400 1493 617 1532 veraces
656 1478 907 1543 fuerunt,
940 1478 1037 1533 sed
1069 1478 1241 1532 fallaci
1281 1478 1609 1533 confessioni
1645 1479 1989 1549 prtcbuerunt

399 1570 665 1622 incantant
711 1568 1159 1623 consensionem?
1188 1569 1317 1635 Quis
1349 1571 1485 1625 ferat
1531 1578 1801 1623 tortuosas
1828 1571 1991 1624 inuti-

398 1660 525 1714 lium
557 1660 911 1727 qurcstionutn
956 1661 1364 1715 contentiones?
1394 1661 1449 1717 Si
1498 1676 1620 1730 pars
1660 1662 1839 1732 aliqua
1882 1661 1991 1716 dis-

398 1754 558 1820 plicet
586 1753 637 1805 in
667 1752 898 1807 concilio
945 1752 1401 1815 Chalcetlonensi,
1433 1768 1554 1808 cum
1601 1754 1841 1823 periculo
1880 1754 1988 1811 dis-

2096 549 2483 619 vituperatioue
2500 550 2735 619 culpam,
2758 548 3062 603 merebatur
3087 564 3183 618 pro
3206 557 3504 605 restaurata
3532 567 3682 607 como

2094 643 2349 716 munione
2379 656 2482 695 non
2508 641 2784 695 minimam
2815 640 3064 710 gratiam.
3090 638 3157 696 Ut
3176 641 3348 694 sancti
3378 641 3565 713 Cyrilli
3595 658 3687 697 ca-

2093 735 2260 803 pitula
2294 748 2510 803 propter
2554 733 2958 802 ambiguitatem
2984 741 3037 787 et
3065 732 3351 788 locutionis
3381 732 3683 789 obscurita-

2093 834 2222 887 tem,
2258 840 2378 879 cum
2411 822 2777 877 Orientalibus
2818 822 3083 892 episcopis
3114 838 3300 892 parum
3330 823 3686 894 intelligendo

2092 924 2352 992 culparet,
2381 922 2625 975 humanae
2656 920 2750 974 fuit
2780 920 3141 975 infirmitatis:
3175 929 3233 975 ut
3253 920 3393 975 dicta
3419 937 3514 977 sua
3546 923 3687 981 bene

2094 1014 2460 1083 interpretanti
2491 1012 2701 1067 facilius
2722 1011 2966 1067 crederet
2990 1027 3052 1068 ac
3083 1011 3433 1068 libentissime
3453 1028 3687 1069 consen-

2093 1106 2236 1170 tiret,
2269 1106 2490 1159 omnino
2512 1105 2858 1158 sacerdotalis
2888 1102 3059 1157 fuerat
3088 1102 3394 1171 cbaritatis,
3426 1106 3546 1160 sine
3576 1106 3687 1160 ullo

2092 1198 2376 1268 dispendio
2407 1195 2665 1251 veritatis.
2701 1196 2810 1250 Cur
2840 1196 3121 1264 epistolam
3155 1211 3254 1251 nos
3279 1196 3683 1266 damnaremus,

2094 1291 2182 1345 ubi
2214 1303 2461 1360 tanquam
2490 1287 2779 1357 pra-tcrita,
2809 1297 2934 1342 sunt
2964 1298 3187 1358 utraque
3234 1299 3446 1342 narrata
3479 1305 3574 1358 per
3617 1290 3683 1344 il-

2093 1382 2193 1436 lius
2223 1384 2393 1436 sancti
2427 1381 2618 1451 Cyrilli
2652 1378 2841 1435 fideles
2870 1379 3373 1448 interpretationes?
3401 1381 3536 1451 Ipse,
3571 1382 3686 1449 ipse

2094 1483 2309 1527 sanctus
2334 1471 2564 1542 Cyrillus
2611 1486 2718 1525 non
2767 1470 3061 1524 venerabili
3111 1469 3235 1534 lbze,
3287 1472 3381 1525 sed
3439 1471 3684 1541 pluribus

2093 1562 2459 1620 Orientalibus
2480 1562 2752 1631 episcopis
2772 1560 2986 1616 auferre
3013 1561 3323 1615 scandalum
3346 1563 3499 1616 mala:
3531 1563 3689 1617 intel-

2096 1656 2326 1724 Iigentite
2351 1653 2689 1723 properavit,
2715 1653 2849 1715 bene
2875 1652 3280 1721 interpretando
3298 1653 3527 1721 capitula
3550 1668 3687 1708 sua;

2093 1756 2151 1802 et
2180 1761 2278 1801 nos
2305 1760 2403 1815 pro
2433 1744 2641 1814 injuriis
2661 1730 2803 1812 ejus,
2827 1736 3062 1801 liiStoria:
3088 1743 3251 1798 modo
3281 1743 3403 1813 quid
3440 1742 3693 1814 contige-

398 1845 631 1912 plicendi
680 1854 850 1899 totum
904 1845 1097 1914 placet.
1148 1845 1252 1900 Vas
1290 1845 1573 1900 electionis
1618 1846 1988 1901 sanctissimus

2098 1846 2183 1892 rat
2202 1846 2559 1904 exponentem
2602 1836 3017 1905 reprobaremus
3047 1835 3360 1905 epistolam?
3387 1835 3445 1892 Si
3470 1848 3693 1893 eontra-

399 1938 591 1992 Paulus
619 1936 899 1991 manifeste
929 1938 1209 2005 profitetur
1240 1952 1255 1990 :
1290 1935 1549 1990 Modicum
1572 1938 1805 2007 fermenti
1826 1946 1986 1993 totam

398 2045 618 2081 massam
646 2028 923 2097 corrumpit
952 2026 1003 2097 (Ι
1034 2026 1154 2082 Cor.
1186 2043 1240 2092 v,
1266 2027 1344 2098 6).
1380 2028 1437 2083 Si
1468 2028 1519 2083 in
1542 2028 1633 2082 illa
1661 2042 1835 2082 massa
1866 2043 1991 2081 san-

398 2129 601 2175 ctarum
626 2120 1019 2185 definitionum,
1049 2120 1133 2173 vel
1156 2119 1333 2189 exigui
1362 2118 1613 2174 fermenti
1642 2128 1818 2188 potest
1837 2119 1988 2174 acida

398 2211 709 2267 commixtio
739 2211 1003 2279 reperiri,
1033 2219 1145 2266 tota
1190 2224 1363 2265 massa
1408 2208 1738 2281 judicabitur
1785 2213 1986 2278 noxia;

399 2304 477 2359 vel
499 2314 665 2366 certe,
690 2313 749 2357 ut
777 2318 969 2373 magna
1000 2312 1377 2369 extenuemus,
1410 2303 1612 2359 inutilis
1649 2304 1715 2357 ad
1742 2303 1988 2359 efficien-

398 2399 520 2451 dum
557 2412 770 2466 panem,
807 2396 895 2465 qui
918 2397 1201 2452 confirmat
1228 2412 1322 2450 eor
1362 2397 1617 2452 hominis.
1642 2398 1781 2465 Quid
1826 2398 1990 2467 igitur

399 2490 597 2557 profuit
639 2490 761 2558 quia
795 2489 864 2543 ibi
894 2488 1190 2554 Nestorius,
1220 2489 1287 2541 ibi
1334 2488 1605 2558 Eutycbes
1634 2488 1991 2543 anathemati-

400 2579 621 2633 zantur?
654 2580 815 2645 Ecce,
845 2580 1190 2633 damnatores
1212 2578 1447 2633 Nestorii
1478 2589 1531 2631 et
1560 2580 1869 2647 Eutychetis
1905 2593 1991 2633 re-

400 2674 607 2740 cepisse
652 2672 935 2740 culpantnr
984 2670 1267 2740 epistolam
1292 2712 1307 2736 ,
1340 2669 1686 2739 blaspftcmiis
1720 2670 1986 2724 faventem

399 2763 647 2826 Nestorii,
670 2764 750 2817 vel
782 2763 1068 2832 ambiguis,
1099 2765 1179 2816 vel
1229 2762 1545 2817 manifestis.
1578 2763 1715 2829 Quid
1761 2762 1991 2830 utique?

400 2854 451 2909 Si
476 2856 779 2909 nescientes
802 2854 1150 2919 admiserunt,
1172 2853 1481 2923 ignorantia:
1506 2864 1707 2919 notam,
1731 2854 1874 2925 quod
1896 2854 1991 2909 ab-

397 2946 487 3005 sit,
522 2942 810 2996 incurrisse
835 2941 1178 3005 videbuntur,
1212 2951 1271 2996 ut
1295 2956 1481 2996 eorum
1516 2944 1730 3012 penitus
1758 2957 1989 3000 evacue-

400 3049 485 3090 tur
513 3036 804 3090 auctoritas
832 3076 846 3101 ,
876 3035 921 3090 si
952 3050 1080 3091 vero
1126 3036 1385 3102 scientes,
1416 3036 1559 3091 aliud
1602 3035 1830 3090 fortasse
1860 3051 1988 3090 sen-

398 3142 602 3198 serunt,
629 3130 774 3185 aliud
804 3139 926 3184 sunt
976 3130 1279 3186 interlocuti
1299 3171 1314 3196 ,
1346 3128 1581 3184 fictionis
1629 3129 1853 3184 crimine
1883 3144 1987 3182 non

2093 1931 2172 1986 ria
2202 1944 2349 1985 verte
2376 1928 2500 1984 fidei
2525 1929 2725 1998 regulis
2768 1929 2821 1982 in
2846 1927 2940 1982 illa
2971 1927 3195 1997 epistola
3220 1929 3547 1984 venerabilis
3571 1928 3692 1983 lbas

2092 2021 2379 2089 episcopus
2423 2019 2633 2075 locutus
2662 2018 2828 2074 fuisse
2872 2018 3137 2082 ﬁrmatur.
3170 2027 3392 2089 pr0pter
3417 2019 3691 2088 aliquanta

2094 2114 2177 2169 vel
2207 2112 2491 2182 ambigua,
2532 2112 2620 2167 vel
2650 2112 2878 2168 obscura
2908 2125 3029 2180 qua:
3073 2109 3274 2165 faciunt
3324 2112 3426 2165 boc
3475 2113 3689 2178 videri,

2094 2217 2277 2261 nostra
2306 2204 2466 2260 debet
2488 2217 2609 2259 esse
2635 2203 2902 2259 sententia
2936 2202 3146 2268 melior,
3189 2201 3312 2271 quia
3362 2217 3463 2257 nos
3493 2217 3559 2257 ex
3592 2218 3689 2257 ore

2093 2297 2209 2368 ejus
2236 2298 2328 2367 qui
2356 2297 2577 2353 dictavit
2598 2296 2882 2366 epistolam
2908 2309 3125 2350 sensum
3157 2294 3426 2348 valuimus
3468 2294 3693 2348 investi-

2093 2405 2223 2461 gare
2248 2389 2553 2445 verborum.
2579 2389 2861 2443 Postremo
2882 2402 3049 2457 quare
3071 2396 3380 2456 putaremus
3407 2387 3692 2456 epistolam

2094 2483 2275 2538 favere
2306 2480 2573 2547 Neswrio,
2606 2479 2758 2549 cujus
2787 2487 2995 2543 auctor,
3026 2477 3177 2532 nobis
3204 2478 3582 2547 prtesentibus,
3607 2477 3691 2547 ju-

2095 2574 2366 2640 bentibus,
2401 2574 2778 2638 audientibus,
2811 2585 2945 2625 voce
2993 2570 3110 2623 viva
3161 2570 3382 2624 minime
3432 2567 3695 2623 dubitavit

2095 2669 2550 2723 anathematizare
2579 2665 2912 2730 Nestorium,
2939 2662 3243 2731 suscipiens
3293 2674 3495 2716 tomum
3541 2676 3697 2731 papa:

2095 2763 2312 2828 Leonis,
2346 2772 2400 2816 et
2429 2759 2825 2815 confessionem
2872 2772 3014 2811 verae
3066 2756 3186 2810 fidei
3240 2756 3516 2809 nobiscum
3561 2754 3697 2808 sub-

2094 2852 2378 2908 scribendo
2408 2850 2775 2905 confirmans?
2805 2847 2933 2902 flzec
2960 2847 3256 2913 audientes,
3285 2847 3443 2916 quale
3456 2860 3697 2915 reSpon-

2095 2958 2214 2998 sum
2264 2942 2442 2996 daturi
2491 2954 2678 2995 sumus
2719 2947 2796 2993 tot
2834 2939 3048 3009 inclytis
3087 2937 3387 2991 rectoribus
3426 2947 3485 2992 et
3522 2937 3697 3002 magi-

2095 3036 2221 3091 stris
2262 3032 2667 3088 Ecclesiarum?
2708 3030 2986 3100 Praecipue
3024 3044 3144 3085 cum
3174 3044 3267 3084 rex
3287 3028 3466 3100 justus
3493 3029 3700 3085 sederit

2100 3127 2152 3181 in
2186 3125 2419 3180 throno?

398 3224 689 3287 carebunt;
722 3222 1036 3277 resistentes
1056 3235 1184 3276 vero
1211 3235 1397 3275 eorum
1428 3219 1787 3291 dogmatibus,
1817 3221 1987 3274 multo
2012 3223 2060 3284 ο
2162 3221 2215 3275 5.
2250 3220 2565 3286 Caveamus,
2597 3215 2815 3283 fratres,
2841 3215 3063 3270 insidias
3085 3213 3305 3269 diaboli.
3331 3212 3389 3269 Si
3417 3212 3693 3270 nefandus

396 3313 623 3378 amplius
649 3312 959 3366 insultando
976 3311 1283 3364 clamabunt
1305 3326 1320 3366 ι
1348 3310 1486 3365 Ecce
1506 3319 1825 3380 congregata
1849 3311 1988 3379 apud

397 3402 733 3456 Chalcedona
760 3402 1017 3472 synodus,
1045 3402 1211 3455 sidera
1235 3410 1257 3437 ⁸
1291 3415 1539 3470 magnum
1568 3401 1776 3471 pondus
1807 3413 1991 3455 aucto-

400 3496 570 3551 ritatis
601 3496 821 3549 minime
857 3495 1130 3559 dubitatis,
1178 3508 1284 3548 uno
1333 3503 1492 3565 atque
1518 3494 1707 3550 eodem
1743 3502 1991 3565 tempore

399 3586 702 3641 Nestorium
731 3585 1025 3649 damnavit,
1051 3596 1105 3640 et
1126 3585 1355 3641 NeStorii
1378 3584 1405 3624 ι)
1434 3588 1703 3641 revocavit
1724 3602 1987 3657 errorem,

398 3678 669 3746 recipiens
720 3678 1002 3747 epistolam
1046 3678 1167 3732 fidei
1214 3678 1491 3733 catholica:
1516 3681 1739 3734 omnino
1778 3691 1991 3735 contra.

399 3768 568 3832 riam;
623 3768 762 3823 sicut
814 3767 976 3822 modo
1011 3768 1213 3824 sentire
1263 3769 1543 3838 cepistis,
1593 3771 1989 3842 intelligentes,

399 3860 644 3929 quamvis
672 3873 817 3925 sero,
837 3875 996 3929 quam
1031 3862 1126 3913 ιοιὶ
1154 3859 1229 3914 illi
1251 3862 1489 3931 episcopi
1515 3862 1801 3918 noluerunt
1834 3863 1993 3919 intel-

399 3952 563 4019 lgere
603 3950 909 4009 veritatem.
936 3951 1254 4021 f’laugamus
1282 3962 1337 4007 et
1377 3968 1612 4019 oremus,
1636 3964 1693 4009 ut
1721 3956 1828 4010 cito
1873 3957 1992 4012 talis

398 4058 547 4098 error
575 4044 802 4097 abolitus
834 4050 1097 4111 transeat,
1130 4046 1441 4114 repudiatus
1466 4057 1770 4114 evanescat,
1796 4058 1848 4103 et
1873 4063 1995 4115 per-

400 4143 560 4204 petuo
589 4135 807 4190 silentio
849 4134 1160 4203 sepeliatur.
1204 4137 1397 4191 Totum
1449 4139 1733 4191 concilium
1768 4137 1995 4193 Chalce-

400 4230 658 4297 donense,
685 4244 806 4284 cum
859 4238 945 4284 est
992 4237 1160 4284 totum
1211 4230 1500 4284 concilium
1529 4228 1990 4300 Chalcedonense,

400 4335 587 4376 verum
618 4330 702 4376 est
734 4338 749 4376 :
785 4322 927 4375 nulla
969 4335 1096 4389 pars
1124 4321 1270 4377 illius
1300 4321 1456 4375 habet
1489 4322 1651 4376 ullam
1697 4324 1993 4390 reprehen-

400 4414 639 4477 sionem;
670 4413 928 4483 quidquid
957 4412 1031 4467 ibi
1061 4413 1285 4477 dictum,
1310 4421 1542 4483 gestum,
1567 4412 1861 4483 judicatum
1896 4430 1995 4470 no-

367 4505 575 4586 1vimus
600 4513 762 4571 atque
812 4503 1079 4559 firmatum
1107 4544 1121 4569 ,
1161 4506 1331 4559 sancti
1382 4505 1609 4573 Spiritus
1652 4516 1871 4573 Opi-rata
1912 4516 1996 4561 est

2096 3325 2249 3367 error
2272 3310 2499 3364 Nestorii
2528 3309 2693 3363 latere
2737 3316 2953 3377 putatur
2982 3308 3035 3360 in
3068 3308 3168 3360 hac
3196 3306 3422 3375 epistola
3469 3321 3703 3362 venera-

2096 3402 2217 3457 bilis
2256 3402 2358 3456 lba:
2388 3400 2665 3470 episcopi,
2696 3413 2859 3469 quam
2904 3398 3095 3453 Patres
3150 3406 3493 3468 receperunt,
3517 3414 3707 3470 neque

2093 3497 2304 3567 magnis
2326 3510 2501 3565 neque
2533 3496 2774 3564 parvulis
2814 3503 2973 3550 nocet
3005 3512 3017 3548 :
3048 3509 3200 3549 error
3230 3498 3428 3565 quippe
3454 3494 3704 3552 Nestorii

2094 3591 2309 3662 publice
2340 3589 2624 3643 damnatus
2666 3595 2753 3643 est
2802 3589 2854 3642 in
2895 3586 3320 3653 Chalcedonepsi
3349 3587 3603 3641 concilio.
3641 3589 3703 3644 Si

2093 3682 2417 3754 vituperatio
2438 3681 2791 3737 sanctissima:
2819 3679 3208 3735 recordationis
3239 3677 3427 3750 Cyrilli
3460 3679 3703 3734 scanda-

2097 3778 2206 3833 lum
2234 3784 2434 3842 movet,
2470 3781 2529 3828 ut
2557 3772 2843 3843 abjiciatnr
2863 3771 3091 3841 epistola
3134 3786 3291 3841 quam
3321 3771 3509 3826 Patres
3538 3787 3703 3827 rece-

2096 3876 2313 3939 perunt,
2341 3865 2589 3921 laudatus
2609 3873 2687 3919 est
2712 3864 2803 3929 ibi,
2827 3863 3159 3931 multumque
3181 3862 3455 3926 laudatus;
3479 3861 3706 3931 quando

2095 3961 2212 4027 ejus
2239 3959 2504 4013 dictorum
2537 3970 2757 4011 suorum
2789 3954 3164 4023 interpretatio
3196 3953 3487 4007 removisse
3515 3952 3706 4008 firma-

2097 4063 2182 4106 tur
2203 4050 2438 4105 sinistrtc
2462 4047 2785 4117 snspicionis
2807 4046 3179 4115 offensionem,
3196 4045 3551 4101 reconciliatis
3578 4047 3707 4114 paci

2094 4144 2212 4213 ejus
2247 4140 2611 4197 Orientalibus
2642 4138 2910 4207 episc0pis
2937 4154 2949 4189 :
2984 4137 3039 4192 in
3070 4153 3171 4205 qua
3202 4152 3332 4206 pace
3375 4151 3565 4192 omnes
3597 4140 3708 4194 sibi
3752 4189 3768 4199 ,

2095 4233 2552 4288 communicantes
2576 4231 2775 4300 pariter
2798 4229 3155 4293 dormierunt,
3181 4237 3235 4283 et
3257 4229 3392 4283 hanc
3409 4230 3707 4298 epistolam

2096 4325 2223 4380 talia
2253 4324 2578 4378 referentem
2626 4337 2693 4376 ne
2740 4321 2931 4375 leviter
2976 4319 3296 4390 culpandam
3330 4330 3353 4357 θ
3386 4336 3505 4375 esse
3532 4322 3708 4379 dixe-

2094 4428 2240 4475 runt.
2276 4417 2461 4471 Merito
2488 4430 2617 4470 tunc
2648 4427 2911 4484 prasente
2943 4412 3209 4467 Marciano
3240 4413 3566 4482 imperatore
3602 4432 3700 4471 re-

2096 4512 2307 4581 ligioso,
2339 4507 2651 4564 sacerdotes
2681 4519 2869 4560 omnes
2892 4506 2983 4575 qui
3009 4505 3293 4559 concilium
3327 4506 3474 4575 pacis
3500 4509 3713 4561 menti-

372 4592 687 4668 ξίηθπίιυίίίε
714 4606 767 4652 εί
805 4609 1009 4652 “CN”
1065 4598 1325 4666 P0lenli3-
1379 4600 1557 4663 Quare
1602 4606 1679 4652 ⁸οι
1724 4599 1989 4667 iustorum
2019 4612 2071 4670 D
2097 4605 2196 4659 bus
2227 4603 2463 4674 pacificis
2516 4601 2824 4655 inchoatum
2865 4598 3267 4653 definitionibus
3307 4599 3713 4655 ecclesiastica:

368 4676 381 4697 ⁷’
402 4693 721 4748 memoriam
753 4693 1047 4762 repentinis
1077 4693 1595 4747 contradictionibus
1645 4694 1993 4758 infamamus,

400 4801 523 4839 tum
553 4784 808 4839 Salomon
860 4784 1051 4851 plenus
1092 4784 1299 4853 Spiritu
1344 4796 1531 4838 sancto
1562 4788 1844 4842 manifeste
1872 4800 1998 4854 pro-

403 4879 607 4934 nuntiet
636 4896 650 4931 :
682 4877 933 4932 Memoria
952 4880 1087 4947 justi
1117 4896 1231 4932 cum
1258 4880 1495 4932 laudibus
1523 4878 1705 4947 (Prov.
1741 4897 1794 4945 x,
1821 4880 1925 4946 7)?

474 4974 527 5028 4.
558 4973 694 5041 Quid
736 4974 779 5027 si
814 4972 1164 5043 procedentes
1195 4987 1223 5025 e
1255 4970 1473 5027 tumulis
1504 4975 1646 5037 suis,
1672 4988 1853 5027 corant
1890 4973 1997 5027 Deo

404 5064 487 5117 cui
516 5064 722 5130 vivunt,
753 5063 892 5134 apud
943 5077 1101 5133 quem
1153 5061 1383 5116 ﬁdeliter
1422 5064 1781 5131 requiescunt,
1812 5062 1865 5117 in
1898 5079 1993 5115 no-

410 5155 624 5207 \isSitllil
668 5154 1068 5210 resurrectione
1096 5153 1277 5206 dicant
1306 5154 1404 5207 viri
1438 5155 1666 5226 religiosi
1703 5174 1715 5208 :
1749 5155 1857 5209 Cur
1885 5156 1997 5224 epi-

405 5247 595 5299 stolatn
628 5251 955 5316 reprobastis
979 5288 993 5312 ,
1027 5246 1179 5316 cujus
1219 5246 1534 5301 catholicam
1566 5264 1688 5302 esse
1711 5248 1997 5303 dictionem

406 5338 696 5401 sensimus,
718 5338 971 5402 diximus,
1001 5338 1374 5408 indicavimus,
1402 5349 1453 5393 et
1474 5337 1733 5409 judicium
1758 5352 1996 5395 nostrum

409 5426 797 5481 subscribendo
822 5429 1187 5484 firmavimus?
1217 5429 1297 5485 An
1349 5432 1469 5501 quia
1503 5433 1825 5487 venerabilis
1856 5434 1995 5500 ibas,

412 5521 791 5576 Alexandrina:
822 5523 1080 5579 Ecclesiae
1114 5525 1419 5593 pontificem
1450 5536 1690 5581 sanctum
1733 5523 1991 5597 Cyrillum

412 5616 761 5684 vituperavit?
790 5616 893 5671 Sed
931 5617 1071 5672 idem
1100 5628 1287 5673 sancto
1314 5616 1517 5690 Cyrillo
1550 5630 1731 5691 postea
1764 5602 1821 5679 se
1852 5636 1997 5678 com-

486 5784 511 5813 ⁸
543 5775 763 5829 Videtur
788 5775 1069 5844 legendum
1104 5777 1185 5830 cui
1212 5778 1354 5831 dare.

482 5844 511 5886 ι’
542 5847 719 5903 Coch
752 5849 1107 5906 Arvernenﬁs
1156 5849 1407 5902 roborarit

2102 4700 2248 4766 pacis
2279 4692 2723 4750 convenientibus
2768 4693 3045 4757 finierunt,
3084 4692 3134 4745 in
3163 4705 3293 4759 pace
3318 4690 3549 4745 fraterna
3612 4709 3711 4747 re-

2100 4788 2315 4842 dierunt
2346 4786 2410 4839 ad
2443 4798 2659 4838 suarum
2704 4782 2938 4853 plebium
2972 4782 3109 4847 loca,
3138 4782 3254 4837 sine
3283 4781 3433 4846 odio,
3463 4782 3588 4836 sine
3624 4784 3679 4837 in
3700 4817 3713 4822 ς

2100 4884 2265 4948 vidia,
2312 4884 2427 4937 sine
2468 4881 2833 4951 contentione,
2866 4879 3182 4943 concordes,
3215 4878 3517 4942 unanimes,
3543 4893 3713 4934 corn-

2103 4993 2265 5032 mune
2318 4975 2685 5029 testimonium
2738 4974 3106 5043 perbibentcs.
3152 4972 3228 5026 lbi
3259 4971 3356 5026 fuit
3404 4972 3455 5025 in
3507 4972 3715 5042 legatis

2103 5072 2213 5125 suis
2263 5068 2420 5123 sedes
2450 5068 2775 5137 apostolica,
2809 5067 3094 5136 primatum
3139 5073 3329 5120 tenens
3378 5064 3717 5121 universalis

2106 5162 2392 5226 Ecclesim;
2418 5161 2491 5215 ibi
2514 5160 2738 5214 aliarum
2758 5158 3141 5213 venerabilium
3160 5157 3364 5213 sedium
3391 5156 3717 5225 pontifices,

2105 5254 2270 5309 astuti
2313 5263 2370 5308 ut
2416 5262 2733 5321 serpentes,
2775 5252 3044 5319 simplices
3073 5261 3131 5306 ut
3183 5251 3479 5314 columbae;
3518 5249 3598 5304 ibi
3634 5267 3714 5306 ex

2108 5346 2405 5401 minoribus
2428 5342 2735 5399 civitatibus
2767 5343 2954 5411 ingens
3003 5341 3157 5395 turba
3190 5350 3484 5411 pastorum,
3519 5341 3718 5395 dumi-

2110 5437 2213 5490 nici
2263 5436 2440 5506 gregis
2459 5434 2643 5489 caulas
2664 5434 2924 5504 pastorali
2979 5431 3341 5487 sollicitudine
3387 5431 3718 5501 gubernan-

2110 5530 2260 5582 tium.
2291 5527 2456 5583 Nemo
2485 5526 2555 5581 ibi
2586 5526 2858 5580 damnavit
2880 5526 3109 5593 aliquem
3136 5525 3435 5580 nolentibus
3457 5529 3715 5592 caneris,

2108 5639 2266 5677 nemo
2310 5620 2538 5676 absolvit
2582 5619 2890 5675 nolentibus
2935 5621 3181 5685 cancris;
3211 5634 3398 5677 omnes
3433 5620 3534 5677 sibi
3564 5636 3723 5680 con-

2182 5790 2201 5816 ο
2238 5778 2421 5848 Forte,
2451 5794 2514 5833 ne
2544 5778 2716 5833 leviter
2743 5792 2939 5840 putant
2963 5780 3095 5848 culp.
