3998 6202
255 343 359 399 925

1431 347 1792 407 armata;
1831 350 1917 405 ET
1958 334 2338 409 etruscam.

3430 347 3533 402 9‘26

251 459 584 528 sentientes,
616 460 955 518 et-Doctoris
997 430 1235 535 gentium
1284 463 1445 518 verba
1487 464 1713 520 libenter
1742 465 1839 519 im-
1869 464 1919 525 Α
1945 477 2031 523 tur
2063 466 2271 521 irritum
2317 464 2493 522 facere
2538 464 2680 535 quod
2730 478 3088 535 prrecessorcs
3140 479 3270 520 suos
3300 466 3535 535 gessisse

251 554 481 623 pientes,
519 553 838 609 obedierunt
878 555 1072 610 dicenti
1117 555 1216 612 sibi
1253 554 1520 611 :Obsccro
1565 573 1673 621 vos,
1729 560 1839 626 fra-

246 656 372 713 tres,
404 655 455 699 ut
484 646 540 700 id
564 646 733 714 ipsum
760 648 944 701 dicatis
988 665 1192 713 omnes,
1222 661 1270 702 ct
1309 666 1413 702 non
1464 651 1564 704 sint
1609 652 1663 704 in
1705 650 1843 703 vobis

246 739 524 793 schismata
558 737 613 809 (Ι
641 736 763 794 Cor.
784 755 825 807 ι,
853 738 965 806 10).
987 740 1112 795 ldeo
1139 756 1322 796 cetum
1340 740 1598 810 judicium
1624 742 1840 807 mansit,

246 841 304 888 et
336 831 386 883 in
417 844 513 884 sua
540 828 832 886 stabilitate
864 833 1159 902 permansit
1206 833 1512 888 nullatenus
1555 834 1842 887 immutati-

244 923 398 985 dum,
428 920 549 992 quia
573 922 928 993 iudicantium
956 925 1293 981 sacerdotum
1336 940 1436 981 nec
1483 926 1714 997 dignitas
1743 928 1843 982 fuit

247 1014 494 1079 inferior,
519 1029 619 1068 nec
646 1031 903 1072 numerus
931 1032 1144 1085 parvus,
1187 1034 1288 1072 nec
1312 1020 1603 1073 auctoritas
1641 1018 1839 1087 minor,

248 1120 351 1159 nec
382 1105 630 1174 ignobilis
657 1106 871 1173 electio,
905 1121 1005 1161 nec
1034 1109 1303 1178 superﬂua
1345 1112 1715 1179 prarsumptio,
1742 1127 1841 1166 nec

248 1195 510 1265 insipiens
538 1196 878 1263 deliberatio,
912 1216 1011 1255 nec
1051 1201 1285 1269 vulgaris
1328 1217 1602 1270 assensus,
1632 1220 1732 1260 nec
1760 1207 1840 1259 in-

242 1287 554 1344 fructuosus
584 1289 764 1354 labor,
798 1306 897 1361 nec
919 1292 1281 1359 tranquillitati
1310 1295 1670 1351 Ecelesiarum
1710 1312 1838 1353 eon-

244 1379 449 1433 trarius
494 1378 634 1434 ﬁnis.
679 1380 759 1435 Ad
812 1382 1077 1437 sedandos
1128 1386 1427 1452 prteteritas
1467 1391 1840 1444 contentiones

245 1482 532 1537 venerunt,
557 1484 850 1543 prtesentes
869 1485 1303 1545 amputaverunt,
1326 1481 1487 1533 etiam
1513 1481 1719 1535 futuras
1742 1482 1842 1535 trti-

244 1564 553 1633 tigaveruat
584 1582 597 1617 :
630 1564 830 1620 addere
857 1567 1131 1636 quidpiam
1165 1580 1286 1638 post
1329 1586 1516 1625 eorum
1564 1572 1836 1628 deﬁnitio-

243 1670 365 1724 nes,
394 1666 623 1723 mutare,
655 1658 918 1731 minuere,
954 1661 1087 1716 nihil
1115 1672 1199 1717 est
1229 1663 1371 1717 aliud
1404 1672 1427 1700 ⁸
1462 1680 1623 1735 quam
1672 1682 1838 1722 novas

243 1747 520 1802 seminare
547 1749 865 1805 discordias.
896 1751 1063 1807 Nemo
1085 1755 1302 1822 culpare
1330 1756 1547 1812 festinet
1574 1758 1711 1813 bene
1737 1759 1835 1815 de—

1950 557 2330 627 cognoverint?
2352 558 2504 614 Unde
2536 557 2651 612 haec
2680 573 2813 613 nota
2850 557 3089 611 cautela?
3126 557 3366 625 nunquid
3411 566 3533 626 post

1940 664 2138 718 papam
2172 649 2426 714 Leonum,
2454 650 2792 713 Anatolium,
2827 649 3109 702 Maximum
3135 689 3152 713 ,
3182 648 3496 702 Juvenalcnt
3515 690 3531 713 ,

1945 742 2029 796 vel
2060 751 2288 797 exteros
2315 742 2462 797 illius
2491 744 2745 809 temporis
2775 741 3103 807 sacerdotes,
3136 740 3311 795 nullus
3344 740 3442 794 fuit
3467 756 3532 795 ex

1945 846 2134 887 eorum
2158 832 2563 887 successoribus
2590 832 2680 899 qui
2713 833 2916 901 legeret
2944 834 3217 896 attentius,
3242 842 3294 885 ιιι
3338 833 3534 885 intelli-

1945 934 2095 994 geret
2128 925 2404 993 epistolam
2436 925 2759 979 venerabilis
2784 924 2885 979 lbte
2906 925 3141 993 episc0pi
3165 924 3304 979 male
3328 925 3534 993 synodo

1947 1018 2199 1072 in~ertam
2240 1016 2447 1071 fuisse?
2487 1016 2645 1070 Modo
2683 1015 2846 1085 coepit
2884 1015 3261 1070 ittcreticorum
3315 1017 3533 1085 querela

1944 1122 2168 1163 movere
2206 1107 2523 1173 catholicos,
2566 1117 2623 1162 ut
2672 1109 2906 1177 cogitent
2945 1108 3082 1162 hanc
3125 1107 3407 1174 epistolam
3450 1123 3533 1162 re-

1945 1200 2110 1269 proba
2119 1214 2194 1252 re.

2015 1291 2067 1343 7.
2114 1289 2296 1344 llabeo
2339 1287 2552 1343 dicere:
2591 1288 2636 1343 si
2682 1297 3033 1344 retractentur
3086 1287 3535 1345 Chalcedonensis

1945 1381 2159 1435 decreta
2182 1380 2416 1443 conctlii,
2448 1380 2514 1434 de
2542 1379 2756 1434 Nicmna
2784 1381 2991 1451 synodo
3015 1383 3334 1452 cogitemus,
3363 1398 3429 1436 ne
3456 1384 3532 1435 si-

1944 1472 2069 1526 mile
2098 1471 2391 1539 periculum
2422 1473 2672 1539 patiatur.
2704 1471 3033 1526 Universalia
3064 1474 3312 1537 concilia,
3344 1476 3532 1542 praeci-

1945 1586 2048 1641 pue
2072 1571 2163 1625 illa
2185 1571 2377 1639 quibus
2407 1571 2662 1625 Ecclesia:
2684 1571 2939 1627 Romanae
2967 1556 3264 1629 consensus
3282 1577 3532 1641 accessit,

1943 1665 2195 1719 Secunda:
2226 1667 2563 1720 auctoritatis
2593 1667 2762 1719 lutum
2796 1677 2915 1736 post
2942 1669 3231 1723 canonicos
3257 1670 3421 1724 libros
3452 1682 3530 1724 te-

1944 1768 2094 1814 nent.
2124 1757 2275 1812 Sicut
2318 1758 2613 1827 legentibus
2653 1760 2981 1828 Scripturam
3016 1760 3270 1816 divinitus
3298 1762 3531 1831 inspira-

246 1839 421 1906 posita
463 1838 565 1911 [An
615 1841 940 1914 disposita],
976 1860 1135 1901 nemo
1184 1858 1328 1902 reeta
1372 1850 1662 1919 corrigere.
1695 1852 1832 1918 Quid
1868 1842 1910 1901 Β
1941 1860 2046 1905 tam
2079 1864 2182 1904 non
2212 1849 2339 1903 licet
2366 1849 2567 1919 aliquid
2597 1850 3013 1917 reprehendere,
3036 1852 3277 1918 quamvis
3307 1852 3528 1909 minime

242 1931 353 1986 erit
377 1930 613 1996 ﬁrmum,
632 1934 681 1988 si
706 1937 847 2004 quod
876 1937 1063 1991 statuit
1094 1937 1531 1997 Chalcedonense
1549 1945 1834 1999 concilium

240 2034 470 2077 vocatur
492 2023 542 2077 in
566 2022 824 2081 dubium?

320 2136 374 2191 6.
402 2136 560 2190 Piura
600 2136 727 2192 hinc
768 2153 981 2207 possem
1013 2143 1250 2210 querelis
1294 2143 1552 2200 luctuosis
1576 2145 1678 2200 sub
1704 2162 1838 2216 qua-

240 2228 370 2281 dam
397 2230 653 2299 tragoedia
686 2230 934 2286 ﬂebiliter
964 2234 1275 2304 deplorare;
1308 2238 1401 2292 sed
1435 2240 1683 2295 sufﬁcere
1706 2242 1835 2296 mihi

240 2320 458 2377 videtur
512 2322 636 2392 quld
690 2324 926 2380 Ecclesia
986 2326 1302 2384 .lustinianze
1348 2330 1711 2402 Carthaginis,
1743 2350 1839 2404 per

242 2411 479 2479 linguam
511 2415 728 2483 gloriosi
780 2418 1046 2485 pontiﬁcis
1074 2422 1155 2474 sui
1187 2408 1358 2476 beata:
1404 2424 1683 2479 memoriae
1731 2428 1805 2479 Ca

242 2504 441 2571 preoli,
470 2504 889 2561 clementissimo
938 2510 1159 2580 principi
1189 2512 1493 2569 Theodosio
1524 2516 1833 2581 scribentis,

241 2592 641 2649 rationabiliter
666 2595 1129 2662 deﬁnivit,dicens
1156 2617 1171 2655 :
1211 2620 1229 2651 t
1261 2601 1401 2656 Nihil
1432 2605 1484 2659 in
1516 2605 1711 2659 divinis
1741 2606 1836 2660 ltu-

246 2684 535 2754 manisque
562 2689 789 2755 actibus,
824 2689 952 2743 nihil
978 2700 1081 2744 tam
1114 2691 1164 2745 in
1201 2693 1369 2746 sacris
1398 2709 1556 2762 quam
1588 2694 1640 2748 in
1665 2696 1839 2763 publi-

244 2776 335 2833 cis
361 2780 521 2833 rebus
542 2781 788 2836 obtinere
812 2782 973 2836 uilam
998 2787 1193 2853 poterit
1217 2786 1541 2854 ﬁrmitatem,
1568 2790 1611 2843 si
1635 2804 1697 2842 ea
1721 2806 1838 2853 qua:

243 2875 435 2930 debito
464 2879 1034 2946 sententitejudicialis
1067 2882 1170 2935 line
1215 2883 1556 2949 clauduntur,
1589 2890 1711 2953 post
1739 2900 1837 2938 an-

240 2984 441 3024 norum
470 2971 638 3039 spatia
668 2980 722 3025 et
747 2973 998 3041 quazlibet
1027 2975 1297 3027 volumina
1346 2976 1687 3041 saeculorum,
1723 2988 1838 3031 tan-

241 3076 408 3130 quam
440 3061 493 3115 in
538 3062 916 3117 emendatione
946 3064 1159 3119 Patrum
1190 3068 1336 3121 velut
1382 3069 1675 3123 instructor
1702 3084 1837 3137 prae-

240 3162 424 3207 sumat
448 3155 739 3210 emendare
780 3156 1083 3223 posteritas.
1124 3176 1143 3210 ι
1181 3159 1243 3211 Et
1291 3159 1341 3212 in
1383 3160 1483 3213 alia
1515 3161 1739 3229 epistola
1768 3160 1831 3213 ad

1938 1945 2151 1999 valeant
2181 1943 2517 1999 altitudinem
2544 1945 2782 1999 cmlestis
2810 1944 3014 1999 oraculi
3047 1946 3530 2013 comprehendere,

1940 2036 2035 2091 sed
2061 2036 2177 2105 pius
2207 2036 2379 2089 lector
2408 2046 2461 2089 et
2491 2036 2631 2104 quod
2659 2051 2763 2088 non
2787 2035 3032 2105 intelligit
3057 2037 3263 2102 credit,
3295 2046 3354 2091 ut
3390 2039 3531 2107 quod

1938 2127 2109 2185 credit
2163 2136 2432 2182 mereatur
2479 2126 2811 2195 intelligere;
2852 2127 2929 2181 sic
2968 2128 3190 2183 omnino
3234 2143 3331 2183 nec
3373 2129 3532 2183 aliter

1938 2218 2168 2276 concilia
2206 2233 2328 2288 quae
2366 2226 2608 2274 vetustas
2653 2218 2887 2271 ﬁrmavit
2928 2227 2983 2272 et
3022 2218 3312 2272 custodivit
3339 2220 3530 2274 devota

1942 2312 2227 2382 posteritas
2253 2309 2612 2364 obedientiam
2640 2309 2709 2363 de
2738 2310 2892 2363 nobis
2923 2310 3141 2380 exigunt
3160 2352 3176 2376 ,
3210 2310 3409 2365 nullam
3442 2328 3529 2366 re-

1941 2403 2243 2469 linquentes
2266 2400 2540 2455 dubitandi
2567 2401 2959 2455 necessitatem.
2992 2401 3172 2471 Longe
3196 2402 3282 2456 illa
3312 2411 3440 2457 sunt
3465 2404 3533 2457 de

1940 2496 2135 2565 quibus
2165 2492 2456 2563 Apostolus
2486 2493 2611 2547 dicit
2639 2510 2651 2545 :
2698 2492 2883 2546 Omnia
2910 2494 3156 2562 probate;
3183 2494 3321 2564 quod
3342 2495 3528 2548 bonum

1941 2601 2012 2643 est
2043 2599 2239 2653 tenete;
2268 2589 2330 2640 ab
2361 2588 2499 2640 omni
2528 2588 2695 2657 specie
2721 2588 2843 2641 mali
2871 2588 3115 2642 abstinete
3139 2605 3229 2642 vos
3254 2591 3271 2659 (
3297 2588 3319 2642 I
3353 2589 3529 2645 Thess.

1941 2698 1993 2745 ν,
2026 2682 2120 2748 2|,
2140 2680 2252 2750 ἓξ).
2279 2681 2409 2747 Qum
2439 2689 2619 2735 autem
2652 2680 2908 2735 ﬁniuntur
2932 2679 3296 2749 judicantibus
3323 2682 3531 2750 episeo~

1942 2774 2020 2841 pis
2045 2774 2266 2837 sanctis,
2315 2779 2371 2826 et
2406 2771 2471 2825 ad
2519 2771 2658 2825 beati
2689 2770 2714 2808 ι’
2751 2772 3063 2825 memoriam
3114 2772 3367 2839 perducta
3409 2771 3531 2825 dili-

1940 2867 2152 2933 gentius
2178 2862 2552 2916 examinantur
2578 2870 2738 2930 atque
2762 2861 3059 2926 ﬁrmantur,
3076 2863 3345 2932 sequenda
3377 2872 3521 2927 sunt,

1941 2955 2310 3023 amplectenda
2338 2964 2502 3010 sunt:
2532 2952 2587 3008 in
2618 2956 2999 3009 retractatione
3027 2956 3127 3009 sub
3153 2958 3389 3025 qualibet
3418 2958 3531 3026 pie-

1942 3047 2066 3102 tatis
2116 3047 2400 3102 occasione
2441 3045 2615 3101 teneri
2663 3061 2768 3101 non
2813 3046 3039 3113 debent;
3081 3050 3349 3116 pratcipue
3393 3049 3532 3119 apud

1943 3151 2206 3212 posteros,
2251 3143 2361 3210 jam
2407 3140 2698 3195 secundum
2730 3130 2946 3195 carnem
3003 3142 3227 3193 mortuis
3258 3142 3345 3208 qui
3385 3142 3531 3208 judi—

248 3206 285 3207 η
460 3206 471 3207 ,
1124 3206 1136 3210 -
1181 3206 1243 3211 -_-
1384 3206 1483 3213 -.η
1518 3206 1739 3229 γρ--.-
1768 3206 1831 3213 η

241 3246 576 3314 Epltesinum
588 3247 871 3301 concilium
895 3263 993 3317 per
1006 3247 1282 3303 Versulam
1297 3249 1499 3305 directa
1517 3251 1826 3306 diaconum:

1949 3236 2081 3289 cium
2120 3233 2493 3303 protulerunt,
2529 3244 2579 3286 et
2614 3233 2681 3286 ibi
2725 3230 2837 3301 jam
2881 3231 3186 3286 constitutis
3233 3233 3341 3297 ubi,
3382 3232 3531 3301 juxta

245 3353 269 3389 ς
306 3336 476 3391 Habet
517 3337 768 3408 quidquid
800 3338 939 3394 forte
984 3356 1156 3405 nuper
1198 3342 1452 3407 exoritur,
1483 3344 1832 3399 discussionis

243 3431 651 3496 necessitatem,
674 3442 730 3485 ut
759 3442 850 3487 aut
880 3433 1042 3502 recipi
1067 3435 1369 3504 probatum,
1403 3448 1493 3489 aut
1523 3438 1829 3492 damnatum

244 3522 420 3591 possit
445 3522 674 3576 excludi.
704 3522 777 3576 Ea
808 3538 934 3577 vero
960 3524 1027 3580 de
1055 3526 1246 3592 quibus
1295 3536 1451 3581 antea
1476 3527 1587 3597 jam
1624 3529 1837 3598 judica-

246 3620 360 3665 tum
392 3621 476 3669 est
501 3613 546 3665 si
568 3612 686 3682 quis
713 3612 983 3669 admiserit
1005 3614 1059 3669 itt
1082 3619 1510 3671 retractationem
1537 3620 1731 3681 vocari,
1760 3620 1835 3674 vi-

246 3704 469 3760 debitur
497 3704 564 3759 de
595 3704 699 3760 ﬁde
739 3720 897 3776 quam
944 3722 1083 3762 nunc
1128 3724 1294 3778 usque
1324 3712 1494 3764 tenuit
1540 3711 1654 3779 ipse
1684 3710 1840 3767 dubi-

247 3807 386 3853 tare.
418 3817 436 3850 ι
466 3798 603 3853 Ecce
626 3798 737 3869 jam
767 3813 872 3854 non
903 3807 1097 3855 statuta
1141 3811 1343 3856 tantum
1384 3804 1701 3873 synodalia,
1743 3802 1838 3857 sed

249 3904 394 3958 pene
443 3899 755 3945 cunctorum
806 3891 1011 3947 ﬁrmata
1056 3891 1295 3960 judicia,
1346 3894 1524 3948 vocari
1573 3909 1759 3949 rursus
1789 3896 1841 3949 in

249 3997 485 4035 examen
543 3984 701 4037 nimis
752 3997 871 4037 esse
921 3983 1186 4053 culpabile
1236 3986 1600 4041 memorabilis
1654 3988 1843 4043 doctor

250 4071 716 4141 Carthaginiensis
764 4072 1021 4129 Ecclesia:
1066 4075 1376 4143 proﬁtetur;
1417 4080 1684 4147 quomodo
1715 4095 1844 4149 ergo

252 4177 400 4216 nunc
423 4163 549 4216 olint
580 4163 813 4231 judicata
850 4163 1270 4234 jttdicabuntttr?
1299 4168 1356 4222 Si
1387 4181 1510 4222 tunc
1538 4170 1727 4238 aliquis
1758 4186 1847 4224 ac-

254 4261 479 4306 cusator
507 4253 750 4321 epistolse
779 4255 929 4323 cujus
958 4254 1221 4310 catholica
1248 4272 1371 4313 esse
1400 4258 1619 4313 dictatio
1657 4260 1852 4315 claruit

251 4344 323 4398 ad
358 4343 565 4414 majora
618 4345 813 4415 judicia
849 4357 1197 4416 promicaret,
1232 4350 1575 4420 appellationi
1629 4350 1849 4407 iotsitan

252 4437 551 4489 secundum
577 4439 1013 4493 consuetudinem
1036 4440 1184 4495 locus
1208 4451 1445 4509 pateret;
1471 4442 1563 4496 sed
1587 4458 1690 4511 quo
1713 4442 1851 4499 iret?

251 4536 343 4579 aut
375 4526 465 4581 ubi
494 4528 727 4597 majores
778 4531 1038 4599 reperiret
1084 4533 1136 4585 in
1177 4532 1411 4586 Ecclesia
1438 4533 1691 4601 judices?
1720 4544 1842 4590 ante

1937 3326 2306 3395 Evangeliunt,
2343 3324 2499 3377 Pater
2530 3341 2629 3377 nou
2653 3323 2856 3395 judicat
2883 3340 3186 3393 quemquan
3212 3367 3227 3390 ,
3260 3324 3349 3378 sed
3385 3343 3534 3379 omne

1927 3420 2184 3492 judicium
2212 3417 2351 3470 dedit
2383 3415 2524 3469 Filio
2551 3415 2732 3488 (Joau.
2762 3433 2815 3484 v,
2842 3416 2960 3487 22).
2993 3418 3129 3484 Quid
3163 3418 3383 3487 prodest
3410 3436 3532 3472 cum

1937 3508 2324 3565 dormientibus
2374 3508 2574 3562 habere
2613 3517 2885 3563 certamen
2911 3548 2926 3574 ,
2957 3516 3052 3563 aut
3093 3523 3189 3578 pro
3212 3507 3501 3566 dormienti

1940 3602 2040 3657 bus
2075 3600 2364 3655 Ecclesiam
2398 3599 2748 3669 perturbare?
2779 3601 2835 3655 Si
2873 3599 2990 3667 quis
3022 3599 3195 3654 adhuc
3221 3601 3273 3655 in
3304 3616 3534 3669 corpore

1940 3693 2127 3747 mortis
2152 3690 2309 3760 hujus
2336 3698 2620 3745 accusatus
2644 3699 2699 3743 et
2718 3689 3023 3755 damnatus,
3046 3698 3333 3760 antequam
3358 3707 3536 3746 nterc-

1943 3794 2091 3840 retur
2120 3782 2356 3847 absolvi,
2380 3782 2447 3837 de
2473 3782 2668 3836 sarculo
2702 3792 2884 3851 raptus
2913 3792 3017 3847 est,
3059 3783 3264 3838 absolvi
3298 3800 3402 3839 non
3436 3802 3532 3853 po-

1946 3888 2048 3932 test
2072 3877 2291 3932 ulterius
2324 3878 2557 3932 humano
2578 3875 2801 3945 judicio.
2833 3875 2888 3931 Si
2919 3876 3038 3944 quis
3061 3886 3342 3933 accusatus
3368 3878 3534 3932 etab-

1946 3971 2154 4026 solntus
2178 3970 2228 4023 in
2260 3984 2391 4038 pace
2424 3970 2679 4024 Ecclesia:
2708 3968 2951 4023 transivit
2982 3968 3050 4023 ad
3076 3968 3381 4035 Dominum,
3407 3986 3537 4023 cou-

1948 4063 2191 4118 demnari
2224 4078 2328 4116 non
2361 4072 2539 4131 potest
2568 4062 2801 4116 humano
2824 4062 3046 4131 judicio.
3072 4062 3126 4116 Si
3156 4063 3276 4131 quis
3312 4078 3537 4116 accusa-

1951 4164 2035 4207 tus
2061 4165 2181 4209 ante
2208 4154 2349 4209 dietn
2394 4154 2745 4209 sacerdotalis
2772 4153 3032 4207 examinis
3074 4151 3350 4223 repentina
3381 4169 3537 4209 voca—

1952 4248 2100 4301 tione
2137 4255 2439 4313 prteventus
2488 4257 2603 4309 est,
2653 4247 2788 4298 intra
2830 4246 3005 4313 sinunt
3051 4247 3238 4301 matris
3285 4246 3538 4301 Ecclesiae

1953 4342 2294 4405 constitutus,
2335 4338 2517 4393 divino
2558 4337 2932 4407 intelligendus
2957 4347 3041 4392 est
3062 4337 3264 4408 judicio
3290 4353 3536 4393 reserva-

1957 4440 2075 4488 tus:
2108 4432 2173 4486 de
2206 4432 2306 4485 hoc
2334 4433 2510 4485 nullus
2537 4433 2695 4485 hoino
2727 4439 2901 4500 potest
2930 4431 3263 4485 manifestam
3298 4431 3540 4500 proferre

1959 4523 2433 4589 sententiam;cui
2483 4522 2525 4575 si
2573 4522 2712 4575 Deus
2757 4521 3135 4589 indulgentiam
3182 4523 3363 4586 dedit,
3408 4522 3540 4579 nihil

250 4632 315 4671 se
346 4615 551 4671 habens
597 4619 649 4671 in
697 4620 887 4689 legatis
934 4622 1043 4675 suis
1084 4623 1431 4691 apostolicam
1486 4625 1709 4692 sedem,
1737 4641 1838 4696 qua

1951 4625 2109 4671 nocet
2132 4626 2312 4687 nostra
2343 4614 2632 4678 severitas;
2664 4613 2707 4666 si
2737 4614 3054 4683 supplicium
3080 4614 3424 4680 pr.eparavit.
3459 4612 3541 4668 ni-

251 4713 654 4780 consentientc,
685 4714 943 4784 quidquid
972 4717 1057 4770 illa
1089 4717 1334 4772 deﬁnivit
1363 4718 1619 4789 synodus,
1642 4720 1847 4786 accepit

253 4805 425 4858 robur
448 4804 742 4860 invictum?
767 4807 879 4862 Vox
912 4808 1073 4877 igitur
1095 4809 1341 4880 adempta
1372 4811 1677 4865 volentibus
1710 4814 1847 4865 male

250 4906 532 4965 assumpta
584 4897 893 4964 defendere,
930 4900 1201 4969 quomodo
1248 4903 1441 4956 iterum
1494 4903 1849 4958 restituetur?

251 4987 381 5056 quis
412 4987 514 5041 erit
542 4996 661 5058 post
683 4997 861 5043 tantos
905 5004 968 5043 ac
1009 4992 1142 5043 tales
1168 4992 1447 5060 pontiﬁces
1496 4996 1694 5062 negotii
1734 4995 1846 5065 jam

253 5077 468 5147 peracti
496 5094 668 5133 novus
694 5090 747 5133 et
778 5081 1000 5135 idoneus
1028 5083 1304 5152 cognitor?
1337 5098 1399 5136 ex
1443 5085 1638 5152 quibus
1668 5086 1851 5139 mundi

255 5171 507 5238 partibus
529 5178 619 5224 aut
647 5172 949 5226 civitatibus
1002 5174 1250 5228 meliores
1301 5175 1534 5245 antiquis
1584 5178 1851 5247 cpisc0pis

252 5263 735 5333 etingregabuntur
762 5266 998 5336 episc0pi
1022 5305 1037 5332 ,
1067 5267 1258 5335 quibus
1287 5278 1520 5335 potestas
1548 5270 1703 5323 detur
1729 5286 1853 5325 sen-

255 5357 462 5410 tentias
489 5357 777 5413 emendare
811 5358 1112 5428 majorum?
1144 5361 1222 5415 vel
1266 5377 1367 5431 qua
1400 5378 1493 5431 spe
1519 5364 1854 5416 cttnﬁdcutcr

252 5460 538 5503 assumant
568 5451 766 5521 aliquid
795 5451 1055 5520 delinire,
1099 5453 1338 5508 videntes
1384 5458 1564 5508 talium
1620 5458 1852 5509 virorum

248 5541 461 5612 judicia
486 5552 707 5612 repente
733 5545 968 5597 cassari?
1000 5544 1277 5610 Quomodo
1305 5546 1710 5600 successoribus
1758 5562 1855 5599 llu-

251 5632 393 5692 Stris
414 5636 612 5705 poterit
638 5637 847 5705 placere
872 5640 1009 5708 quod
1040 5640 1265 5707 agimus,
1284 5638 1325 5692 si
1352 5654 1444 5706 per
1468 5653 1563 5694 nos
1585 5639 1853 5692 docebun-

342 5822 367 5861 4
402 5814 495 5873 Ιῖἰε
525 5816 746 5871 re-tituo
769 5816 899 5871 nihil
929 5818 1072 5873 aliud
1099 5831 1164 5872 ex
1190 5816 1376 5873 (ΙΙ-προ
1408 5817 1549 5873 οὐδέν
1582 5819 1774 5892 ἕτερον.

1952 4708 2028 4762 ltil
2058 4707 2274 4777 prodest
2303 4718 2482 4761 nostra
2515 4704 2831 4773 benignitas.

2023 4803 2077 4857 8.
2127 4803 2277 4858 Vetat
2306 4817 2402 4855 nos
2444 4801 2727 4869 Apostolus
2773 4800 2891 4869 plus
2936 4815 3116 4871 sapere
3143 4815 3298 4869 quant
3345 4804 3543 4867 oportet

1950 4914 2126 4969 sapere
2155 4897 2332 4966 (liam.
2358 4909 2453 4959 xu,
2486 4895 2539 4964 3)
2569 4910 2583 4959 ;
2614 4894 2913 4963 quicunque
2939 4908 3064 4962 ergo
3089 4892 3245 4947 aliter
3271 4891 3463 4953 sentit,
3487 4894 3542 4941 et

1955 5004 2158 5049 rectum
2191 4999 2337 5058 putat
2355 5004 2475 5043 esse
2497 4988 2634 5058 quod
2657 4988 2843 5054 sentit,
2873 4986 2974 5041 sub
3001 4988 3099 5039 hac
3120 4984 3409 5038 devotione
3432 4982 3542 5047 pic-

1960 5086 2080 5139 tatis
2113 5084 2381 5151 loquatur,
2413 5081 2631 5144 scribat,
2663 5079 2917 5145 diSputet,
2959 5075 3010 5129 in
3059 5072 3275 5141 negotio
3316 5085 3542 5137 prazser-

1959 5177 2050 5229 tint
2086 5174 2356 5243 religionis
2376 5214 2389 5236 ,
2422 5182 2477 5223 ut
2522 5170 2789 5223 nemiuem
2822 5167 2977 5222 dictis
3007 5164 3118 5218 suis
3146 5162 3367 5217 obedire
3393 5176 3543 5215 conv

1961 5269 2120 5337 pellat
2150 5266 2403 5328 invitum;
2446 5277 2542 5316 nec
2575 5260 2729 5313 unius
2760 5257 2992 5311 hominis
3013 5254 3333 5311 sententiam
3364 5253 3543 5307 valere

1960 5370 2166 5414 tantum
2211 5354 2433 5417 credat,
2478 5362 2533 5405 ιιι
2572 5348 2938 5420 ριέιήιιιιίεἰυιιι
2984 5352 3204 5416 generet
3233 5345 3390 5398 aliter
3419 5358 3545 5397 sen-

1962 5455 2237 5510 tLentibus.
2283 5450 2463 5503 Potest
2504 5441 2863 5511 unusquisque
2907 5449 3109 5495 rectam
3160 5436 3456 5507 prtedieans
3486 5436 3544 5489 ﬁ-

1958 5552 2103 5611 dem,
2137 5544 2277 5615 qttod
2320 5542 2485 5596 sentit
2525 5538 2795 5602 scribere,
2847 5551 2955 5589 non
2984 5545 3161 5589 tamen
3206 5534 3272 5589 ad
3309 5531 3545 5587 subscri-

1963 5640 2189 5696 bendum
2221 5654 2339 5703 qua:
2372 5634 2485 5703 ipse
2512 5631 2823 5700 scripserat,
2853 5629 2984 5685 alios
3016 5643 3325 5699 provocare.
3357 5627 3544 5693 Quan-

2038 5818 2063 5857 δ
2107 5817 2199 5873 llic
2232 5814 2444 5869 videtur
2474 5811 2660 5866 deesse
2693 5807 2856 5864 Petri.
