3998 6202
568 331 670 392 927

1479 331 1849 390 FULGENTII
1888 329 2239 387 FERRANDI
2282 329 2552 386 DIACONI
2580 331 2930 388 CARTIIAG.
3678 351 3754 410 ωε

570 457 682 504 tum
711 448 1088 504 laboraverunt
1119 444 1172 502 in
1215 444 1593 515 pradicatione
1631 447 1778 502 verbi
1807 493 1819 516 ,
1864 455 1985 517 post
2031 461 2160 513 αρη-
2190 446 2242 505 Λ
2269 442 2447 497 nullus
2473 441 2611 496 libro
2642 459 2742 497 suo
2764 459 2858 512 per
2882 443 3300 514 subscriptiones
3334 449 3637 519 plurimorum
3661 461 3751 520 dam

571 541 759 607 stolos,
785 537 1108 594 sanctissimi
1157 537 1233 594 illi
1283 539 1631 608 prmclarique
1659 539 1928 602 doctores,
1961 540 2161 608 quibus

576 647 668 701 per
695 632 947 701 Spiritum
977 632 1258 701 sapientiae
1303 642 1358 686 et
1405 633 1643 687 scientiae
1673 641 2012 686 concesserat
2051 632 2164 685 Do-

571 725 746 777 minus
771 724 966 780 docere
1010 726 1302 780 catholicos
1326 769 1340 791 ,
1393 734 1449 780 et
1494 727 1774 780 haereticos
1809 727 2162 794 expugnare?

567 814 733 869 libros
766 823 941 870 tamen
970 831 1099 870 suos
1129 831 1157 868 a
1183 817 1400 870 nemine
1427 815 1760 884 subscriptus
1787 817 2016 887 posteris
2036 817 2162 871 re‘i-

573 918 829 972 querunt.
862 906 1283 962 Consideremus
1327 910 1453 978 quid
1505 909 1693 965 beatus
1725 910 2014 980 Apostolus
2047 926 2162 965 mo-

569 1007 695 1051 ηεξ-ιι
720 1017 732 1051 :
761 997 1037 1063 Prop/leta:
1063 1000 1168 1052 duo
1195 999 1271 1053 υιιι
1301 1011 1400 1053 trrs
1431 1002 1638 1066 dicant,
1668 1004 1745 1055 vel
1770 1003 1937 1056 caueri
1966 1003 2159 1057 exami-

570 1089 764 1157 nent(l
797 1091 915 1144 Cor.
949 1107 1058 1157 xw,
1111 1092 1226 1160 9.9).
1280 1092 1524 1160 Nunquid
1571 1093 1746 1147 dixit:
1787 1093 2156 1162 Subscribam,

567 1195 656 1236 aut
688 1183 1026 1238 subscribere
1055 1184 1482 1250 compellantur?
1515 1183 1833 1254 Diligentius
1861 1186 2156 1240 examinari

567 1290 686 1341 qua:
729 1273 868 1329 dicta
912 1282 1038 1328 eunt
1075 1275 1244 1343 jubet,
1283 1292 1349 1330 ne
1390 1291 1685 1330 consensus
1714 1276 1881 1331 facilis
1919 1271 2162 1332 incurrat

568 1383 848 1423 errorem:
886 1371 956 1422 s't
989 1369 1276 1438 unicuique
1325 1370 1549 1424 liberum
1583 1409 1599 1435 ,
1649 1382 1924 1439 postquam
1972 1371 2161 1436 legerit

568 1461 709 1528 quod
743 1476 880 1515 unus
914 1463 1073 1515 homo
1103 1463 1345 1529 dictavit,
1401 1479 1505 1517 non
1546 1466 1615 1518 ita
1665 1464 1806 1520 dicta
1856 1465 1972 1536 ejus
2019 1467 2161 1522 acci—

571 1568 698 1620 pere
744 1554 893 1622 ditasi
941 1555 1226 1609 Canonicas
1280 1557 1605 1621 scripturas;
1656 1557 1748 1612 sed
1777 1557 2012 1626 cogitare
2033 1559 2159 1628 quid

569 1647 749 1715 eligat,
784 1647 908 1714 quid
942 1659 1176 1715 respuat,
1220 1648 1344 1712 quid
1375 1660 1628 1717 sequatur
1652 1651 1855 1715 statim,
1885 1650 2010 1719 quid
2039 1666 2158 1706 cum

566 1736 1002 1805 prudentioribus
1066 1740 1355 1794 arbitretur
1419 1740 1670 1794 fratribus
1727 1739 2158 1810 conferendum;

2268 535 2396 588 velit
2422 537 2794 588 auctoritatem
2821 577 2836 600 ,
2884 551 3044 605 quam
3087 539 3214 593 solis
3248 544 3498 600 canonicis
3534 547 3658 607 libris
3681 554 3751 611 Ec-

2263 624 2428 679 clesia
2460 625 2723 680 catholica
2773 627 2988 681 detulit.
3043 629 3171 682 Illud
3219 646 3422 703 quoque
3461 643 3749 708 tranquillitati

2265 715 2631 771 Ecclesnrum
2691 720 2952 786 prolicere
3004 722 3215 787 poterit,
3260 724 3302 776 si
3342 727 3502 782 nullus
3528 731 3750 803 vclitpra~

2262 807 2502 862 scribere
2524 808 2648 877 quid
2673 817 2926 877 sequatur
2955 809 3218 878 Ecclesia,
3251 812 3342 867 sed
3370 825 3534 873 tenere
3555 827 3665 890 quod
3687 827 3751 880 Ec.

2261 899 2425 952 clesia
2457 899 2644 965 ducet;
2698 900 2808 966 ipsa
2864 900 3090 956 Domino
3139 915 3232 972 per
3275 905 3476 977 Moysen
3519 895 3752 972 iu'cantit-o

2264 989 2662 1044 Deuteronomii
2693 989 2939 1046 dicente:
2975 991 3245 1065 Interroga
3268 1007 3452 1065 patrem
3477 1009 3612 1068 tuum,
3633 1018 3670 1058 et
3690 1025 3753 1062 an-

2262 1081 2517 1133 nuntiabi:
2547 1082 2671 1144 tibi;
2700 1082 2922 1135 seniores
2949 1093 3082 1149 tuos,
3115 1095 3162 1137 et
3179 1087 3343 1139 dicent
3364 1088 3447 1141 tibi
3466 1093 3749 1161 omniomni.

2262 1188 2429 1238 xxxii,
2470 1172 2561 1242 7).
2619 1174 2772 1228 Tunc
2812 1176 3011 1244 quippe
3059 1177 3363 1246 implebitur
3402 1182 3541 1237 etiam
3578 1185 3752 1244 Doctoris

2261 1267 2496 1334 gentium
2526 1267 2712 1320 suavis
2739 1266 3008 1328 doctrina.
3062 1269 3367 1326 Corinthios
3411 1274 3686 1332 admonentis
3716 1291 3753 1335 et

2261 1355 2493 1410 dicentis
2519 1374 2532 1408 :
2561 1356 2688 1410 Cum
2715 1359 3073 1429 conveneritis,
3103 1363 3442 1432 unusquisque
3459 1377 3638 1418 vestrum
3656 1373 3750 1438 psal-

2263 1464 2402 1500 mum
2424 1449 2593 1514 habet,
2625 1451 2911 1503 doctrinam
2943 1451 3124 1513 habet,
3153 1453 3586 1522 interpretationem
3619 1461 3751 1514 habet:

2263 1542 2438 1594 omnia
2464 1541 2532 1594 ad
2555 1542 2952 1610 aediﬁcationem
2983 1546 3112 1610 [iam
3159 1545 3179 1616 (
3208 1545 3232 1597 f
3256 1545 3373 1599 Cor.
3405 1562 3502 1616 xlv,
3524 1547 3618 1615 26).
3638 1550 3747 1615 Eutr,

2268 1632 2632 1701 interrogatus
2654 1674 2668 1696 ,
2699 1643 2919 1702 propter
2947 1634 3312 1689 obedientiam
3342 1636 3490 1691 silere
3513 1652 3598 1691 nou
3633 1644 3748 1708 potui,

2267 1723 2602 1792 respondens
2624 1725 2892 1794 magistris
2913 1725 3236 1795 discipulus,
3257 1727 3422 1781 doctis
3441 1727 3657 1796 indoctus,
3677 1745 3750 1786 ma-

569 1830 711 1881 nulla
744 1829 836 1882 fiat
865 1832 1157 1886 necessitas
1195 1847 1455 1902 generare
1490 1832 1593 1887 sibi
1626 1834 1989 1903 prtrjudicium
2028 1809 2155 1893 sub?
2191 1809 2242 1868 Β
2268 1813 2479 1882 minus
2507 1815 2702 1868 ¹¹¹ί¹¹⁰⁹ο
2728 1816 3072 1880 Ε⁸³¹¹⁸ί¹’³¹θ’
3113 1831 3442 1886 Ψ³³²³¹³¹¹¹¹¹³θ
3470 1823 3749 1887 promerem“

567 1921 873 1988 scribendo,
908 1938 975 1976 ne
1003 1923 1145 1977 aliud
1194 1933 1374 1991 postea
1423 1926 1638 1989 sentiat,
1684 1927 1728 1979 si
1777 1927 1921 1981 aliud
1969 1937 2151 1996 postea

566 2013 903 2066 sentiendum
937 2000 1173 2066 revelatti
1201 2016 1647 2069 demonstraverit
1678 2017 1872 2070 veritas
1899 2033 1914 2072 :
1949 2020 2154 2086 patien-

566 2112 649 2158 ter
675 2113 854 2157 autem
888 2103 1016 2157 ferat
1051 2107 1168 2171 pius
1198 2105 1425 2173 scriptor
1453 2105 1868 2161 sollicitudinem
1901 2107 2042 2176 piam
2070 2126 2155 2166 re-

565 2195 890 2261 quirentium
913 2197 1211 2262 veritatem,
1249 2213 1348 2251 nec
1391 2197 1607 2252 festinet
1634 2199 1936 2256 auditorum
1969 2210 2153 2260 tenere

569 2301 805 2351 manum,
854 2289 950 2340 sed
1005 2299 1098 2354 per
1143 2304 1362 2345 suavem
1408 2305 1624 2345 sensum
1673 2302 1887 2361 paratus
1930 2295 2186 2352 meliora,

565 2373 919 2430 sentientibus
947 2377 1275 2432 consentire.

635 2483 688 2537 9.
731 2484 895 2554 Cujus
948 2487 1260 2543 humilitatis
1310 2491 1613 2556 exemplum
1674 2493 1862 2548 beatus
1911 2496 2152 2566 pontifex

568 2579 914 2646 Augustinus,
944 2580 994 2631 in
1019 2580 1277 2634 charitate
1305 2579 1499 2636 Christi
1533 2598 1665 2650 pene
1695 2586 1942 2640 omnibus
1967 2587 2152 2641 catho-

565 2671 681 2724 lic-tn
713 2671 966 2726 Ecclesim
994 2673 1303 2728 doctoribus
1327 2677 1610 2744 prll‘bellﬁ~1
1639 2695 1660 2730 ι
1690 2676 1800 2733 Nec
1830 2681 2046 2750 pigebit,
2069 2682 2154 2735 in-

565 2763 697 2830 quit,
749 2777 855 2828 ntc,
905 2763 1074 2816 sicubi
1126 2765 1333 2830 lttcsitu,
1381 2782 1662 2836 quaarere;
1710 2785 1808 2825 nec
1840 2770 2074 2840 pudebit,
2107 2773 2152 2827 si

563 2865 707 2916 erro,
744 2852 943 2907 dicere.
980 2851 1211 2910 Proinde
1236 2857 1474 2926 quisquis
1509 2859 1622 2914 haec
1648 2859 1803 2929 legit,
1835 2863 1921 2917 ubi
1953 2865 2154 2931 pariter

565 2957 740 3001 ερνῖυς
770 2959 871 3016 est,
905 2959 1088 3019 pergat
1117 2963 1358 3013 mecum;
1392 2951 1484 3028 ubi
1517 2951 1714 3021 pariter
1746 2953 1975 3020 litesitat,
2007 2969 2153 3023 quae-

563 3051 645 3093 rat
675 3055 916 3106 tnerum;
949 3041 1034 3095 ubi
1078 3056 1318 3097 errorem
1361 3057 1516 3097 suum
1559 3046 1837 3115 agnoscit,
1873 3046 2058 3101 redeat
2084 3048 2150 3104 ad

563 3146 681 3195 me;
730 3133 816 3185 ubi
853 3149 1027 3187 meum
1060 3175 1074 3200 ,
1119 3142 1334 3189 revocet
1365 3147 1470 3189 me.
1501 3135 1577 3189 ita
1609 3137 1968 3205 ingrediamnr
1994 3139 2150 3196 simul

563 3226 848 3281 charitatis
872 3228 1032 3294 viam,
1054 3229 1333 3284 tendentes
1355 3230 1418 3282 ad
1438 3245 1558 3283 eum
1588 3229 1656 3285 de
1681 3245 1786 3300 quo
1807 3231 2006 3288 chtum
2037 3244 2146 3290 est:

565 3318 793 3382 Qmerite
822 3320 1004 3388 faciem
1033 3321 1143 3390 ejus
1172 3336 1390 3389 srmper.
1437 3320 1505 3375 Et
1550 3321 1651 3375 hoc
1695 3322 1970 3392 placitum,
2007 3327 2150 3395 pitttl

563 3418 723 3474 atque
749 3407 952 3475 justum
982 3424 1162 3463 coram
1196 3410 1420 3464 Domino
1443 3412 1554 3468 Deo
1584 3421 1790 3469 nostro.
1819 3414 1953 3470 Cum
1981 3420 2150 3472 out-ti-

563 3497 663 3551 bus
695 3497 908 3553 interim
943 3501 1031 3570 qui
1062 3515 1121 3555 ea
1145 3518 1263 3570 quae
1290 3503 1466 3558 scribo
1495 3504 1696 3575 legunt,
1729 3516 1832 3563 etc.
1875 3508 2032 3582 (Aug.
2059 3510 2151 3567 lib.

563 3603 578 3642 1
613 3589 676 3642 de
702 3589 888 3645 Trim't.
917 3608 1030 3661 cap.
1059 3591 1116 3658 2,
1149 3593 1228 3664 5).
1259 3613 1276 3646 ι
1309 3593 1431 3650 Sola
1460 3597 1602 3649 enim
1634 3609 1776 3664 sunt,
1814 3606 1869 3652 ut
1903 3600 2153 3668 superius

563 3681 670 3751 iam
701 3696 844 3750 saepe
873 3683 1104 3738 diximus
1127 3724 1143 3750 ,
1177 3685 1227 3737 in
1274 3686 1547 3741 canonicis
1590 3686 1740 3742 libris
1773 3700 2037 3760 praecepta
2073 3693 2154 3747 di-

562 3773 711 3837 vina,
739 3785 791 3828 et
822 3773 872 3828 in
903 3775 1243 3845 generalibus
1267 3778 1488 3848 synudis
1519 3789 1739 3848 paterna
1765 3781 2002 3853 decreta,
2045 3799 2151 3840 non

562 3864 841 3920 refutanda
870 3881 968 3922 nec
994 3868 1326 3937 respuenda,
1369 3871 1464 3926 sed
1489 3873 1838 3928 custodienda
1869 3883 1921 3929 et
1951 3877 2152 3945 ample-

559 3955 784 4022 ctenda;
816 3959 1162 4028 praecipiente
1191 3969 1374 4016 sancta
1405 3963 1679 4032 Scriptura
1707 3983 1721 4020 :
1754 3965 1912 4033 Audi,
1944 3966 2044 4035 ﬁli,
2074 3969 2151 4020 le-

556 4062 674 4116 gem
720 4047 883 4116 patris
932 4049 1029 4116 tui,
1077 4058 1125 4104 et
1169 4067 1230 4105 ne
1270 4068 1482 4118 spernas
1529 4055 1797 4108 consilium
1829 4057 2007 4109 matris
2051 4065 2152 4111 tua:

557 4135 742 4206 (Prov.
776 4152 822 4203 ι,
855 4137 923 4204 8;
952 4153 1004 4192 vt
1028 4183 1043 4210 ,
1083 4139 1197 4210 20).
1253 4141 1360 4196 Lex
1394 4143 1535 4196 enim
1566 4145 1734 4212 patris
1765 4145 1948 4216 fulget,
1981 4165 2153 4219 quan-

559 4237 672 4281 tum
706 4228 836 4282 mibi
863 4227 1096 4297 videtur,
1141 4231 1194 4284 in
1225 4232 1500 4287 canonicis
1529 4233 1713 4302 libris;
1737 4238 2016 4293 consilium
2041 4256 2151 4296 ma-

563 4317 658 4372 tris
702 4317 756 4371 in
807 4318 1196 4374 universalibus
1235 4320 1479 4377 conciliis
1509 4325 1843 4392 continetur;
1885 4328 1973 4382 ubi
2021 4344 2151 4400 pro-

559 4412 742 4471 pterea
789 4406 880 4475 qui
909 4408 1240 4464 conveniunt
1285 4410 1417 4466 tales
1455 4416 1762 4470 sacerdotes
1809 4424 2006 4473 statuta
2051 4435 2149 4475 sua

2255 1906 2492 1971 ritatem,
2523 1907 2569 1961 si
2603 1909 2776 1976 potuit
2807 1908 2922 1963 hinc
2973 1924 3140 1979 parva
3170 1913 3444 1980 reSponsio
3483 1913 3749 1982 comprehen-

2254 1997 2383 2052 dere
2425 1999 2746 2066 veritatem;
2796 2011 2869 2068 et,
2921 2003 2964 2057 si
3015 2003 3239 2072 quidem
3282 2005 3544 2071 placuerit,
3572 2007 3748 2062 discretio

2255 2099 2430 2146 vestra
2459 2093 2754 2162 perpendat
2785 2102 2965 2148 utrum
2997 2095 3158 2164 prodi
3188 2095 3379 2152 debeat
3406 2098 3635 2152 fratribus.

2816 2223 3157 2281 EPISTOLA
3199 2225 3310 2282 VII.

2525 2353 2593 2392 AD
2632 2353 2859 2393 REGINUH
2899 2355 3141 2394 COMITEM
3182 2356 3552 2398 PAB.£N£TICUS.

2260 2430 2439 2497 Qualis
2463 2447 2572 2485 esse
2597 2430 2776 2502 debeat
2799 2432 2906 2484 duo:
2928 2432 3206 2500 religiosus
3227 2435 3279 2486 in
3318 2437 3494 2487 actibus
3513 2434 3748 2502 militaribus,

2569 2516 2656 2554 seu
2687 2501 2749 2552 de
2777 2511 2968 2570 septem
3002 2506 3202 2574 regulis
3228 2506 3525 2558 innocentiae.

2331 2615 2382 2669 l.
2425 2615 2657 2670 Socialis
2703 2615 2826 2669 vitae
2869 2616 3154 2672 laboribus
3181 2620 3510 2685 exercendus,
3534 2619 3750 2689 ignorantia

2256 2708 2499 2776 pueritia:
2533 2723 2655 2762 mox
2707 2717 2764 2762 ut
2813 2710 3106 2764 rationalis
3139 2712 3297 2767 homo
3325 2714 3564 2778 caruerit,
3588 2722 3658 2767 aut
3679 2713 3749 2766 Dec

2257 2801 2465 2868 incipit,
2508 2800 2618 2855 dux
2673 2801 2894 2855 illustris
2923 2802 3160 2873 Regine,
3211 2815 3302 2859 aut
3349 2805 3524 2859 saeculo
3568 2806 3750 2858 militare.

2249 2892 2486 2961 Propter
2528 2894 2630 2948 hoc
2675 2893 2947 2962 apostolus
2996 2895 3238 2950 Paulus:
3282 2896 3456 2963 Nemo,
3485 2899 3565 2961 ait,
3589 2897 3750 2949 militant

2259 2982 2368 3036 Deo
2397 2983 2625 3052 implicat
2663 3001 2716 3038 se
2755 2985 2971 3054 negotiis
2998 2987 3336 3040 swcnlaribus
3377 2984 3462 3059 (Il
3487 2985 3595 3040 Tim.
3618 3000 3662 3049 ll,
3684 2983 3749 3050 l);

2258 3073 2548 3129 ostendens
2576 3087 2698 3128 esse
2729 3073 2924 3128 milites
2955 3076 3068 3141 Dei,
3122 3078 3264 3130 sicut
3302 3088 3421 3131 sunt
3457 3076 3591 3130 etiam
3615 3074 3751 3128 milites

2260 3163 2462 3219 saeculi.
2501 3163 2702 3234 Duplex
2729 3179 2857 3234 ergo
2890 3165 3088 3220 militia.
3131 3167 3239 3222 duo
3275 3184 3458 3238 genera
3493 3167 3672 3221 militum
3701 3164 3752 3217 si-

2258 3263 2420 3324 gnat:
2453 3254 2592 3311 alios
2623 3256 2815 3312 militia
2843 3260 3150 3325 corporalis
3195 3259 3432 3317 laborare
3455 3275 3559 3315 cum
3587 3257 3751 3319 mundo,

2257 3347 2552 3401 secundum
2595 3348 2925 3403 voluntatem
2969 3350 3179 3405 terreni
3218 3351 3354 3423 regis
3381 3352 3622 3420 astringit;
3659 3347 3753 3400 alius

2257 3439 2450 3495 militia
2500 3441 2760 3512 spiritalis
2803 3441 2871 3495 ad
2915 3443 3170 3498 cmlestia
3209 3457 3380 3499 castra
3425 3460 3508 3514 per
3544 3441 3752 3513 gratuitam

2255 3532 2484 3600 gratiam
2511 3532 2745 3587 ctelestis
2774 3533 3121 3602 imperatoris
3167 3535 3395 3591 adducit.
3433 3535 3596 3589 Milites
3623 3528 3755 3585 saeculi

2257 3622 2597 3693 passionibus
2645 3635 2701 3680 et
2741 3625 3030 3681 desideriis
3077 3629 3247 3682 variis
3298 3636 3526 3684 tenentur
3562 3623 3754 3688 obnoxii;

2256 3715 2455 3769 milites
2509 3717 2598 3772 Dei
2643 3731 2862 3771 carnem
2909 3732 3062 3771 suam
3117 3719 3424 3790 crucifigunt
3461 3734 3563 3774 cum
3595 3716 3753 3770 vitiiset

2254 3805 2728 3875 concupiscentiis.
2762 3802 2842 3862 Illi
2875 3808 3109 3878 dapibus
3137 3811 3474 3877 nutriuntur;
3509 3810 3579 3862 isti
3605 3804 3752 3862 virtuti-

2256 3894 2376 3950 bus.
2410 3895 2488 3950 liii
2518 3912 2711 3966 rapere
2752 3898 2925 3952 aliena
2976 3910 3280 3968 conantur;
3326 3899 3408 3956 isti
3434 3901 3574 3954 etiam
3602 3893 3754 3966 propria

2256 3985 2340 4040 vel
2374 3989 2634 4054 patienter
2661 3988 2885 4057 perdere
2907 4031 2922 4054 ,
2951 3990 3035 4044 vel
3068 3991 3480 4048 misericorditer
3501 3987 3755 4046 contendunt

2254 4085 2502 4146 erogare.
2539 4077 2612 4130 illi
2639 4078 2866 4147 propriis
2895 4079 3224 4138 utilitatibus
3253 4084 3547 4147 consulunt;
3570 4079 3637 4132 isti
3654 4091 3755 4130 cotu-

2253 4167 2525 4222 immitius.
2560 4169 2637 4223 Illi
2666 4183 2859 4240 gerunt
2888 4172 3030 4227 unde
3057 4173 3209 4230 falsis
3235 4176 3469 4231 laudibus
3487 4172 3756 4234 extollantur;

2254 4255 2340 4311 isti
2370 4270 2618 4328 (luxerunt
2643 4262 2785 4316 unde
2811 4266 3163 4333 sempiternis
3214 4269 3441 4337 pratmiis
3481 4268 3755 4320 bonorentur.

2255 4347 2364 4404 Illis
2395 4350 2577 4404 tribuit
2610 4351 2897 4422 imaginem
2921 4354 3124 4412 la'titize
3159 4357 3396 4425 vanitas;
3425 4357 3528 4412 istis
3551 4369 3651 4411 vera
3671 4365 3758 4406 θου-

2252 4439 2356 4493 fert
2386 4441 2581 4509 gaudia
2624 4443 2840 4498 veritas.
2890 4443 2968 4498 illi
3023 4447 3318 4512 perituram
3362 4447 3590 4518 patriam,
3617 4443 3760 4512 pariter

2251 4529 2498 4598 perituri,
2548 4532 2757 4586 salvare
2804 4547 2868 4588 ac
2919 4548 3136 4606 semper
3185 4548 3366 4593 tenere
3413 4537 3657 4598 festinant;
3694 4529 3754 4585 isti

518 4496 925 4580 isnbscribunt,
957 4507 1016 4554 ut
1043 4500 1262 4557 dubium
1290 4518 1398 4558 non
1438 4504 1769 4577 relinquatur
1789 4522 1819 4563 a
1848 4511 2041 4580 quibus
2068 4521 2150 4568 est

518 4533 526 4540 .
565 4496 925 4563 subscribam,
957 4507 1016 4554 ut
1043 4500 1262 4557 dubium
1290 4518 1398 4558 non
1438 4504 1769 4577 relinquatur
1789 4522 1819 4563 a
1848 4511 2041 4580 quibus
2068 4521 2150 4568 est

505 4495 742 4702 1itabita
769 4589 1057 4660 disputatio
1084 4611 1096 4648 :
1127 4605 1380 4652 caterum
1411 4608 1611 4668 praeter
1637 4599 1759 4656 illos
1789 4601 1879 4671 qui
1908 4610 2151 4660 statuunt
2177 4573 2228 4636 θ

525 4682 682 4786 ξψιω
707 4682 990 4736 statuenda
1021 4694 1179 4753 sunt,
1217 4687 1398 4742 nullus
1427 4688 1573 4757 cogit
1599 4688 1737 4745 ultra
1764 4691 2106 4749 subscribere
2131 4709 2146 4760 ;

525 4775 538 4839 ,ἴ
555 4775 808 4831 sutticere
835 4775 978 4830 enim
1003 4777 1274 4845 iudicatur
1301 4779 1367 4834 ad
1399 4781 1613 4849 plenam
1641 4782 2104 4840 confirmationem
2131 4825 2147 4852 ,

523 4854 531 4866 ’
557 4867 607 4935 si
641 4868 895 4939 perducta
922 4869 973 4924 in
1001 4870 1252 4926 notitiam
1277 4872 1441 4928 totius
1468 4873 1724 4930 Ecclesia
1750 4877 1957 4933 nullum
1983 4877 2152 4936 oden-

2255 4640 2524 4694 nunquam
2551 4627 2864 4695 perituram,
2895 4645 2960 4684 ne
2988 4630 3052 4686 in
3073 4642 3336 4688 aeternum
3376 4639 3596 4702 pereant,
3634 4624 3759 4698 ροεεί·

2253 4713 2383 4769 dere
2407 4715 2733 4771 desiderant.
2768 4718 2878 4772 niis
2910 4719 3093 4777 vivere
3144 4723 3296 4778 labor
3317 4713 3415 4788 est’,
3444 4734 3494 4777 et
3520 4719 3636 4775 mori
3671 4730 3761 4782 sup-

2254 4803 2512 4875 plicium;
2546 4807 2662 4861 istis
2691 4807 2874 4864 vivere
2893 4807 3140 4867 Christus
3184 4822 3288 4884 est,
3338 4824 3391 4867 et
3426 4811 3550 4867 mori
3593 4810 3761 4864 lucrum.

2254 4893 2334 4950 Illi
2362 4895 2669 4965 pratliantur
2699 4907 2885 4954 contra
2917 4899 3169 4958 inimicos
3202 4903 3436 4959 visibiles
3461 4921 3476 4970 ;
3523 4901 3598 4956 isti
3620 4906 3756 4955 contra

551 4960 791 5024 diculum
826 4971 1096 5031 moveant,
1130 4964 1218 5018 vel
1250 4963 1562 5020 scandalum
1596 4965 1874 5035 fratribus,
1901 4971 1996 5026 sed
2021 4985 2152 5041 apo-

555 5053 762 5109 stolicae
809 5053 931 5112 lidei
968 5055 1261 5112 convenire
1304 5055 1614 5125 ﬁrmentur,
1646 5061 1954 5129 apostolica:
2000 5062 2149 5119 sedis

557 5142 806 5200 roborata
835 5156 1123 5199 consensu.

631 5233 719 5286 to.
761 5233 1018 5303 Dignatur
1045 5233 1222 5307 itaque
1252 5234 1526 5292 beatitudo
1555 5247 1727 5295 vestra
1753 5247 1864 5296 tres
1901 5241 2032 5297 istas
2061 5257 2149 5298 re-

555 5323 708 5398 g-rlas
735 5322 924 5376 ordine
953 5332 1011 5379 et
1040 5338 1294 5384 sermone
1321 5342 1426 5397 quo
1457 5328 1724 5398 potuimus
1755 5333 2026 5388 intimatas
2063 5334 2147 5388 di-

558 5412 789 5479 ligenter
815 5415 1094 5469 attendere
1116 5457 1129 5480 ,
1155 5423 1206 5471 et
1239 5415 1308 5488 (si
1351 5430 1530 5474 nostra
1565 5423 1738 5489 placet
1779 5421 1998 5478 humilis
2025 5439 2147 5494 per-

557 5503 766 5574 suasio)
791 5505 1081 5561 custodire.
1115 5506 1184 5563 Ut
1211 5511 1421 5565 concl'ii
1451 5510 1906 5569 Chalcedonensis
1957 5516 2041 5570 vel
2072 5516 2141 5570 si-

557 5597 762 5654 milium
796 5598 940 5652 nulla
967 5602 1273 5654 retractatio
1296 5603 1534 5671 placeat;
1563 5605 1658 5659 sed
1699 5622 1818 5676 quae
1844 5609 2010 5662 semel
2032 5616 2143 5663 sta-

504 5754 513 5763 .
560 5699 668 5744 tuta
700 5699 844 5754 sunt,
879 5691 1189 5744 intemerata
1221 5706 1518 5750 serventur.
1556 5696 1622 5752 Ut
1647 5713 1740 5767 pro
1772 5701 1998 5753 mortuis
2029 5699 2140 5754 fra-

557 5787 729 5844 tribus
780 5785 919 5840 nulla
977 5799 1298 5853 generentur
1351 5787 1485 5844 iuttr
1537 5791 1686 5846 vivos
1736 5793 2005 5848 scandala.
2069 5795 2131 5850 Ut

2257 4985 2581 5042 invisibiles.
2607 4987 2732 5044 Illos
2757 4992 2977 5046 avaritia
3005 4992 3284 5060 crudeles;
3313 4997 3436 5049 istos
3469 4984 3763 5048 misericordi

2255 5074 2385 5132 facit
2409 5075 2686 5148 benignos.
2718 5077 2844 5136 Illos
2873 5081 3073 5139 invidia
3103 5083 3494 5148 contentiosos;
3520 5082 3630 5135 istos
3654 5089 3764 5130 man-

2254 5172 2488 5228 suetudo
2515 5173 2786 5244 paciﬁcos.
2817 5175 2895 5230 illi
2929 5192 3024 5246 per
3052 5177 3362 5248 superbiam
3403 5192 3494 5247 pro
3517 5175 3612 5230 suis
3634 5166 3765 5224 homi-

2255 5263 2413 5318 nibus
2461 5263 2709 5336 litigant;
2765 5265 2852 5320 isti
2901 5281 2998 5337 per
3042 5268 3391 5324 humilitatem
3430 5267 3554 5321 alter
3589 5262 3763 5315 alterum

2253 5356 2564 5412 existimant
2589 5357 2924 5427 superiorem
2951 5360 3074 5417 sibi.
3125 5360 3232 5418 Per
3277 5361 3391 5416 illos
3426 5353 3675 5428 Babyltmia
3699 5361 3761 5402 ΐο-

2253 5448 2433 5516 gitur;
2471 5463 2565 5518 per
2595 5449 2728 5504 istos
2751 5458 2806 5505 et
2849 5451 2902 5506 in
2942 5451 3055 5506 istis
3082 5465 3115 5506 a
3149 5451 3372 5506 Domino
3399 5447 3656 5506 Jerusalem
3680 5450 3762 5493 εω-

2253 5537 2402 5593 lestis
2427 5538 2852 5598 administratur.
2889 5542 2956 5598 Et
2985 5543 3297 5613 plerumque
3325 5537 3562 5608 contingit
3583 5542 3632 5590 ut
3668 5542 3760 5586 crit-

2251 5628 2468 5699 poribus
2499 5629 2715 5686 adunati
2765 5632 3034 5704 (quamvis
3079 5630 3344 5688 mentibus
3383 5623 3609 5699 separati)
3634 5613 3758 5676 simul

2250 5721 2446 5776 milites
2480 5722 2570 5778 Dci
2602 5731 2657 5777 ct
2687 5725 2881 5780 milites
2909 5725 3084 5781 saeculi
3118 5724 3484 5792 prosperitates
3525 5731 3571 5775 et
3595 5717 3752 5769 adrer-

2247 5813 2430 5872 sitatcs
2462 5815 3060 5897 scrttiaut_tcmporalcs.
3111 5818 3216 5874 Sed
3266 5819 3448 5874 milites
3476 5813 3632 5870 saeculi
3657 5818 3751 5876 pro-
