3998 6202
251 343 360 403 9Ξ9

1432 349 1788 406 EPISTULA".
1828 350 1913 404 ΕΤ
1952 349 2333 409 οΡϋδξυιιΑ.
2383 344 2388 350 ’

3434 367 3540 422 930

253 464 486 532 speritas
533 463 784 529 extollit,
832 464 1126 522 adversitas
1167 462 1394 537 dejicit;
1437 465 1638 520 milites
1665 473 1844 519 autem
1877 464 1924 523 Δ
1952 461 2142 517 similis
2189 464 2313 519 data
2367 474 2450 520 est
2496 467 2790 524 auctoritas
2841 470 3281 541 dignitatislaut
3312 473 3397 530 vel
3428 476 3542 546 ipsa

255 555 376 621 Dei,
401 555 516 608 sive
545 554 598 608 in
629 557 1007 625 prosperitate,
1053 557 1174 614 sive
1215 557 1269 612 in
1298 556 1848 612 adversitatevimmo-

253 644 396 700 biles
437 656 819 714 perseverant;
857 648 980 718 quia
1019 648 1190 719 gloria
1239 663 1429 706 eorum
1477 647 1845 703 testimonium

253 747 341 793 est
382 737 728 793 cottscientiat
775 739 1050 808 ipsorum;
1099 742 1187 797 ubi
1238 741 1585 811 requiescunt
1629 739 1846 810 quando

255 829 630 886 tribulationea
645 831 845 900 patitur
871 832 1139 898 mundus;
1170 831 1258 888 ubi
1290 848 1397 886 non
1425 833 1612 887 timent
1634 831 1846 886 hostem

257 922 604 980 continentia:
626 926 864 991 perpeti,
889 923 1107 993 quando
1133 923 1368 992 suppetit
1396 922 1724 978 abundantia
1756 935 1850 976 vo-

258 1014 522 1090 luptatum
540 1056 554 1080 ,
587 1013 656 1068 de
686 1014 870 1070 radice
899 1015 1210 1085 temporalis
1239 1015 1511 1071 felicitatis
1537 1014 1848 1085 germinans

256 1110 444 1179 spinas
471 1107 801 1178 cupiditatis.
847 1110 1044 1165 Milites
1086 1111 1178 1164 Dei
1211 1109 1441 1165 libenter
1467 1108 1690 1163 audiunt
1719 1108 1848 1163 bea-

257 1212 373 1259 tum
397 1203 660 1259 Joannem
704 1202 1160 1256 commilitonibus
1202 1201 1430 1271 propriis
1475 1200 1600 1254 tuba
1629 1199 1851 1253 l'ortiore

259 1295 622 1349 clamantem:
668 1292 846 1347 Nolite
883 1293 1098 1366 diligere
1144 1295 1414 1358 mundum,
1455 1307 1621 1361 neque
1647 1307 1709 1344 ea
1739 1305 1854 1360 qua:

259 1387 317 1440 in
343 1385 534 1440 mundo
559 1396 695 1438 sunt.
730 1385 794 1440 Si
821 1388 934 1455 quis
959 1385 1132 1456 diligit
1159 1386 1428 1449 ntundum,
1474 1401 1577 1438 non
1617 1393 1690 1436 est
1724 1385 1854 1435 cha-

261 1479 388 1532 ritos
414 1477 588 1531 Patris
607 1477 661 1529 in
708 1492 804 1541 ea;
833 1479 1076 1544 quoniam
1104 1492 1253 1531 omne
1283 1478 1423 1548 quod
1453 1477 1506 1528 in
1536 1477 1727 1527 mundo
1752 1483 1852 1542 est,

261 1567 675 1636 concupiscentia
703 1567 874 1620 carnis
902 1577 974 1620 est
997 1607 1012 1629 ,
1051 1575 1099 1621 et
1125 1567 1537 1636 concupiscentia
1568 1567 1850 1629 oculorum,

262 1667 314 1712 et
336 1659 544 1711 ambitio
569 1658 764 1721 surculi,
795 1674 909 1727 qua:
938 1673 1038 1710 non
1067 1667 1141 1711 est
1171 1673 1235 1710 ea:
1254 1657 1432 1722 Patre,
1458 1660 1550 1711 sed
1577 1671 1640 1712 ea:
1665 1656 1874 1709 mundo

262 1759 361 1804 est.
393 1748 464 1802 Et
490 1748 712 1802 mundus
735 1749 919 1802 transit
954 1759 1000 1802 et
1030 1750 1441 1819 concupiscentia
1461 1751 1576 1820 ejus
1600 1763 1620 1803 .°
1654 1749 1741 1816 qui
1765 1764 1860 1800 au-

1947 553 2136 608 saltetn
2159 555 2587 613 conversationis
2611 558 2918 616 innocentia
2942 561 3062 616 talis
3085 571 3170 617 est
3195 563 3352 630 mihi,
3379 581 3543 635 quem

1947 646 2236 717 pra-teritis
2290 662 2356 704 ac
2407 651 2768 720 praesentibus
2828 651 3148 708 excessibus
3210 654 3543 722 implicatum

1950 739 2146 795 mentis
2194 741 2397 810 pariter
2445 753 2501 798 et
2549 744 2794 815 corporis
2834 755 3022 815 gravat
3050 746 3542 817 inﬁrmitasiQuid

1950 830 2114 900 igitur
2140 832 2368 887 faciam?
2403 832 2538 889 Volo
2564 836 2876 892 satisfacere
2897 837 3166 894 desiderio
3194 848 3305 904 tuo,
3335 855 3435 896 nec
3457 857 3548 897 νειμ

1909 987 1916 994 _
1953 921 2076 976 leo;
2131 923 2366 980 maxime
2393 924 2610 996 quando
2649 926 2894 996 cogitans
2928 937 2985 984 et
3027 938 3324 986 retractans
3354 934 3549 988 merita

1955 1013 2292 1084 iniquitatum
2326 1030 2590 1082 mearum,
2619 1018 2886 1087 superbia:
2913 1024 3218 1090 proximum
3244 1022 3428 1092 judico
3453 1025 3550 1080 dn-

1954 1121 2078 1162 cere
2121 1108 2254 1162 alios
2297 1124 2391 1178 per
2431 1109 2659 1179 justitia:
2704 1112 2929 1167 semitas
2979 1128 3074 1182 per
3103 1129 3236 1184 quas
3275 1117 3394 1184 ipse
3439 1133 3548 1172 non

1953 1197 2187 1254 ambulo.

2027 1290 2082 1343 5.
2121 1289 2206 1343 Va:
2235 1290 2364 1345 milii
2394 1291 2612 1357 misero,
2645 1276 2814 1349 donec
2851 1293 3173 1351 misereatur
3211 1299 3549 1357 Altissimus.

1961 1379 2102 1436 Ecce
2122 1397 2222 1451 ego
2246 1383 2449 1438 militiae
2473 1385 2848 1440 ccclesiaStiCte
2873 1386 3096 1442 vinculis
3117 1389 3384 1459 alligatus,
3407 1392 3554 1448 curis

1959 1474 2308 1529 smculatibus
2329 1475 2592 1546 diSsipor;
2624 1487 2678 1531 et
2702 1478 2968 1546 quomodo
3000 1479 3052 1534 in
3074 1484 3272 1536 swculo
3301 1483 3553 1538 militanti

1962 1564 2168 1619 militia:
2199 1566 2460 1636 spiritalis
2493 1570 2718 1622 audeam
2751 1571 2919 1638 legem
2951 1571 3278 1626 ostendere?
3331 1573 3553 1628 Ploran-

1962 1658 2161 1714 dumne
2192 1658 2321 1713 mihi
2364 1672 2465 1726 cst,
2521 1676 2590 1713 an
2622 1661 2986 1729 loquendum?
3031 1662 3144 1716 Vita
3174 1663 3395 1718 alterius
3425 1678 3555 1718 eru-

1964 1749 2155 1804 dienda
2184 1749 2414 1816 videtur,
2467 1765 2535 1805 an
2575 1767 2694 1806 mea
2745 1753 2920 1821 potius
2967 1755 3320 1824 corrigenda?
3375 1755 3554 1810 Virtus

264 1855 368 1899 tein
406 1843 532 1912 facit
561 1844 872 1898 uoluntatem
902 1841 1031 1906 Dei,
1069 1851 1237 1895 nionet
1263 1843 1317 1895 in
1343 1850 1594 1896 tetri-num
1617 1839 1671 1911 (l
1697 1840 1857 1897 Joan.
1890 1847 1940 1909 Β
1969 1842 2136 1908 prima
2163 1850 2277 1910 est,
2311 1841 2447 1896 bene
2472 1842 2684 1908 vivere;
2731 1843 2965 1898 secunda
2999 1855 3099 1912 est,
3138 1856 3283 1900 recte
3311 1847 3506 1902 docere
3535 1866 3550 1902 ;

263 1950 328 2000 tt,
377 1935 580 2000 £547).
618 1934 825 2000 Quibus
881 1932 1221 1988 audientibus
1269 1942 1430 2002 atque
1484 1932 1857 1990 obedientibus

265 2027 394 2083 huic
437 2027 808 2082 saluberrima:
837 2025 1190 2080 admonitioni
1216 2065 1232 2091 ,
1263 2027 1478 2095 quoties
1506 2027 1717 2080 occulta
1748 2026 1860 2080 dis-

266 2121 513 2192 pensatio
554 2119 777 2187 piissimi
807 2118 1081 2174 Creatoris
1129 2127 1450 2185 potestatem
1488 2117 1764 2188 judicaudi
1792 2130 1858 2172 ac

266 2212 592 2282 diaponeudi
632 2220 901 2266 terrenam
948 2211 1330 2280 rempublicam
1381 2213 1604 2276 tribuit,
1638 2221 1766 2266 tunc
1793 2227 1860 2267 ex

269 2313 422 2375 parte
453 2301 642 2358 militia
665 2303 850 2356 saeculi
882 2318 988 2356 non
1018 2314 1103 2357 est
1140 2303 1479 2373 gravioribus
1503 2305 1700 2357 referta
1724 2317 1862 2372 pec-

269 2397 437 2451 catis:
473 2404 599 2450 tuuc
625 2394 784 2450 facile
817 2396 1182 2464 corripiuntur
1214 2396 1468 2464 inquieti,
1514 2398 1862 2452 consolantur

270 2491 665 2558 pusillanimes,
694 2491 1064 2560 suscipiuntur
1097 2490 1326 2556 inﬁrmi;
1357 2489 1570 2545 licentia
1599 2490 1861 2544 scelerum

267 2582 506 2636 demitur
536 2583 814 2652 improbis,
841 2593 895 2637 et
916 2583 1055 2638 bene
1083 2581 1274 2653 agendi
1301 2581 1526 2637 sortitur
1557 2581 1863 2636 innocentia
1897 2617 1907 2627 .

271 2672 597 2730 libertatem.

344 2764 401 2819 2.
442 2765 710 2835 Rogemus
739 2780 868 2834 ergo
891 2766 1136 2835 precibus
1157 2764 1390 2820 assiduis
1417 2780 1542 2818 eum
1564 2764 1652 2832 qui
1681 2763 1865 2832 dispo-

277 2856 356 2909 nit
383 2855 566 2910 orbem
599 2865 755 2911 terra:
779 2858 832 2910 in
856 2856 1130 2926 atquitate,
1163 2856 1366 2910 faciens
1391 2855 1645 2909 universas
1672 2869 1868 2910 secun-

279 2950 408 3006 dum
465 2950 748 3002 consilium
802 2952 1088 3004 voluntatis
1131 2962 1278 3013 suae;
1333 2949 1583 3017 quoniam
1636 2947 1704 3002 de
1751 2950 1868 3016 ipso

281 3038 559 3092 Psaltuista
591 3040 856 3093 veraciter
890 3043 1070 3094 canit:
1121 3040 1309 3094 Omma
1347 3056 1658 3109 quaecunque
1685 3039 1865 3106 coluit,

279 3130 400 3199 fecit
422 3133 471 3182 in
499 3130 620 3183 calo
649 3140 693 3183 et
722 3131 774 3183 in
805 3140 968 3196 terra,
1003 3132 1056 3183 in
1085 3131 1216 3184 mari
1247 3144 1291 3183 rt
1324 3132 1376 3184 in
1401 3130 1638 3184 omnibus
1672 3131 1869 3199 abyssis

1962 1933 2160 1988 {rustra
2187 1943 2363 1988 autem
2411 1944 2554 1990 recte
2597 1933 2778 2004 docet,
2809 1938 2900 2007 qui
2929 1937 3068 1993 bene
3109 1956 3215 1992 non
3248 1941 3371 1994 vivit
3401 1957 3416 2007 ;
3454 1957 3558 2010 ego

1963 2039 2092 2093 ergo
2122 2026 2348 2080 necdum
2382 2027 2518 2080 bene
2545 2030 2750 2094 vivens,
2784 2029 3054 2098 quomodo
3103 2043 3247 2084 recte
3287 2033 3507 2086 doceam
3531 2035 3558 2087 ἵ

1969 2118 2351 2174 Verumtamen
2399 2119 2520 2188 quia
2571 2135 2676 2174 non
2721 2119 2883 2175 homo
2923 2121 3080 2176 docet
3116 2123 3423 2190 hominem,
3460 2125 3554 2178 sed

1969 2210 2108 2266 Deus
2135 2211 2323 2266 doctor
2350 2221 2433 2266 est
2467 2212 2728 2276 omnium,
2764 2228 2864 2268 nec
2893 2213 3123 2268 humana
3154 2219 3425 2284 mandata,
3459 2219 3555 2272 sed

1968 2302 2146 2356 divitia
2193 2302 2390 2371 quzcris
2435 2304 2621 2357 audire
2647 2344 2660 2369 ,
2713 2305 3028 2372 praeteriens
3067 2307 3243 2374 qualis
3284 2322 3385 2375 ego
3413 2323 3562 2373 sum,

1967 2410 2233 2466 cognosce
2279 2397 2451 2466 qualis
2477 2411 2600 2452 esse
2638 2398 2871 2466 debeas;
2923 2400 3030 2453 imo
3060 2408 3236 2470 potius
3267 2403 3476 2473 qualem
3507 2414 3557 2458 te

1969 2502 2091 2542 esse
2122 2481 2278 2542 nobis
2303 2488 2760 2557 congaudentibus
2788 2491 3044 2560 gaudeas.

2045 2579 2100 2633 1⁸
2147 2579 2344 2634 Gratia:
2392 2579 2486 2635 Dei
2535 2579 2862 2650 adjutorium
2909 2581 3002 2636 tibi
3053 2582 3414 2638 necessarium
3465 2601 3560 2653 per

1970 2682 2122 2725 actus
2165 2671 2400 2740 singulos
2442 2670 2620 2736 crede,
2663 2671 2845 2726 dicens
2884 2688 3004 2726 cum
3038 2674 3301 2742 Apostolo
3330 2692 3342 2726 :
3374 2672 3565 2728 Gratia

1971 2762 2069 2816 Dei
2097 2779 2210 2816 sum
2238 2765 2292 2816 id
2318 2763 2455 2832 quod
2478 2781 2588 2818 sum
2617 2761 2669 2836 (1
2693 2764 2808 2818 Cor.
2836 2781 2922 2833 xv,
2951 2766 3059 2836 10).
3086 2763 3144 2816 9.“
3174 2766 3290 2821 Vita
3321 2777 3405 2820 tua
3436 2783 3560 2836 spe-

1971 2857 2151 2909 Culum
2179 2857 2269 2918 sit,
2297 2855 2384 2908 ubi
2410 2855 2607 2909 milites
2635 2857 2706 2910 tui
2731 2857 2948 2910 videant
2973 2857 3096 2926 quid
3125 2873 3285 2927 agere
3311 2857 3560 2911 debeant.

1973 2945 2030 2998 δ’
2077 2945 2192 3000 Non
2246 2961 2477 3015 prmesse
2528 2961 2786 3017 appetas,
2825 2949 2917 3001 sed
2966 2950 3240 3015 prodesse.
3296 2949 3351 3000 4⁸
3394 2948 3561 3018 Dilige

1973 3038 2356 3107 rempublicam
2390 3038 2530 3092 sicut
2557 3048 2609 3092 te
2637 3039 2831 3106 ip-um.
2862 3035 2916 3090 5°
2943 3039 3201 3092 llumanis
3222 3035 3408 3092 divina.
3426 3055 3563 3109 prte-

1974 3144 2134 3199 pone.
2181 3129 2238 3184 6°
2275 3129 2392 3184 Noli
2441 3144 2564 3186 esse
2609 3129 2834 3184 multum
2881 3131 3078 3199 justus.
3131 3130 3186 3183 7'
3221 3132 3483 3185 Memento
3515 3142 3565 3186 te

278 3222 402 3291 (Ps.
427 3239 644 3284 cxxxtv.
677 3225 766 3292 6);
803 3233 854 3278 ut
899 3224 1148 3279 videlicet
1177 3224 1377 3278 milites
1401 3238 1530 3278 suos
1556 3223 1656 3277 sub
1683 3222 1870 3276 habitu
1903 3211 1946 3268 C
1979 3238 2099 3278 csse
2125 3223 2516 3278 Christianum.

281 3316 489 3370 militiae
517 3317 811 3372 saecularis
867 3317 1094 3372 latentes
1143 3331 1460 3386 promovere
1506 3316 1757 3396 dignetur
1802 3313 1871 3368 ad

284 3412 543 3463 maximas
575 3410 909 3479 dignitates:
961 3425 1151 3479 regens
1195 3425 1289 3465 eos
1337 3410 1500 3474 intus,
1548 3420 1603 3462 ct
1649 3405 1870 3477 regendi

283 3504 418 3556 alios
460 3504 737 3558 scientiam
789 3503 1059 3569 tribuens;
1109 3504 1246 3557 sictt
1276 3504 1366 3560 tibi
1397 3519 1628 3572 quoque,
1659 3503 1764 3556 dux
1810 3501 1875 3553 il-

283 3594 468 3648 lustris
503 3594 722 3662 llcgiue,
744 3595 854 3663 jam
885 3595 1112 3648 donasse
1137 3595 1496 3662 cognoscitur.
1524 3595 1588 3647 Et
1617 3594 1736 3648 ideo
1761 3593 1874 3645 lau-

282 3685 442 3740 tlabili
493 3687 850 3741 sollicitudine
878 3688 1202 3741 venerabilis
1231 3686 1500 3739 inemorizc
1533 3685 1872 3758 Fulgentium

282 3780 592 3848 pontilicem
645 3777 942 3846 Rusticnsis
1001 3779 1255 3833 Ecclesia:
1313 3779 1651 3849 interrogasti
1702 3779 1876 3845 qualis

283 3873 377 3925 tibi
401 3860 729 3926 militaribus
761 3871 966 3926 actibus
998 3880 1258 3940 occupato
1299 3863 1577 3940 regula'sit
1619 3869 1875 3939 Spirilalis

283 3963 542 4032 propositi
595 3963 894 4018 retinenda.
945 3963 1230 4034 Sapienter
1280 3964 1522 4033 profectu
1557 3979 1874 4032 responsum

283 4057 621 4124 sapientiam
672 4056 914 4124 sapiente
965 4057 1278 4126 quaesieras,
1332 4073 1430 4110 nec
1482 4056 1871 4126 interi-ngauti,

286 4163 386 4200 nec
418 4146 747 4216 interrogato
791 4158 975 4203 sancta
1021 4149 1301 4219 prudentia
1335 4148 1523 4203 deluit.
1556 4149 1620 4202 Et
1651 4159 1702 4202 ιιι
1731 4147 1875 4219 (ιυυὰ

285 4238 378 4293 ille
407 4237 606 4293 docens
638 4250 864 4309 poterat,
896 4240 1006 4311 j'im
1033 4243 1257 4311 gerebas
1286 4260 1298 4308 ;
1341 4251 1394 4296 et
1425 4242 1510 4297 ille
1551 4240 1651 4296 hoc
1681 4242 1876 4300 (locere

286 4344 498 4400 poterat
527 4332 665 4400 quod
697 4340 751 4387 tu
781 4331 1026 4400 gerebas,
1055 4345 1109 4388 ut
1143 4350 1320 4389 mores
1353 4345 1471 4389 tuus
1499 4344 1552 4388 tu
1581 4333 1633 4387 in
1668 4349 1876 4389 sermo-

285 4424 445 4477 nibus
475 4422 522 4493 ej
550 4437 590 4476 :s
619 4439 963 4494 agnosceres,
993 4436 1048 4478 ct
1068 4441 1349 4481 sermones
1380 4440 1506 4480 suos
1547 4427 1635 4481 ille
1667 4444 1729 4479 cx
1771 4428 1876 4480 tuis

286 4516 529 4572 moribus
559 4515 900 4584 approbaret.
933 4515 1088 4571 Modo
1117 4527 1293 4570 autem
1335 4516 1457 4585 quia
1497 4517 1774 4585 semipleni
1811 4517 1874 4571 li-

2048 3316 2273 3371 Videtur
2300 3317 2442 3371 enim
2476 3314 2604 3369 mihi
2637 3331 2731 3384 per
2761 3316 2856 3370 bas
2889 3324 3090 3385 septem
3119 3315 3327 3384 regulas
3357 3314 3409 3371 in
3437 3314 3566 3369 acti-

1979 3407 2078 3464 bus
2110 3409 2427 3464 militaribus
2459 3425 2617 3479 poSse
2655 3409 2898 3465 homines
2925 3426 3043 3464 esse
3074 3410 3343 3480 spiritales
3374 3419 3426 3465 et
3460 3413 3567 3466 Deo

1981 3503 2222 3572 plaet’rc;
2272 3502 2585 3570 nullumque
2625 3501 2961 3571 disiicudium
3004 3501 3112 3570 pati
3150 3519 3361 3558 morum
3404 3503 3564 3560 botto-

1983 3609 2142 3658 rum,
2192 3593 2287 3647 scd
2353 3594 2611 3662 prolicere
2660 3593 2835 3661 potius
2887 3594 2952 3647 ad
2994 3594 3323 3649 incrementa
3365 3595 3567 3663 majora

1977 3687 2218 3754 iustitiae.
2267 3685 2323 3740 Si
2373 3687 2452 3738 \is
2492 3699 2619 3753 ergo
2657 3685 2923 3754 perlectus
2955 3700 3074 3738 esse
3120 3686 3274 3740 miles
3305 3682 3399 3738 Dei
3429 3684 3569 3738 ittlt‘l‘

1983 3779 2182 3834 milites
2207 3777 2386 3831 smculi
2415 3820 2427 3840 ,
2465 3785 2585 3830 tene
2613 3775 2836 3830 ﬁrmiter
2865 3777 3004 3854 quod
3044 3775 3279 3832 diximus
3310 3773 3564 3830 breviter.

1981 3870 2036 3924 Si
2068 3871 2206 3923 cnim
2239 3868 2465 3939 gratiam
2495 3866 2822 3931 euulitt-aris,
2851 3865 3154 3934 requiescet
3185 3881 3343 3932 super
3373 3875 3423 3918 lc
3451 3864 3568 3932 Spi-

1983 3965 2118 4018 ritus
2143 3961 2350 4016 timoris
2380 3960 2609 4014 Domini.
2653 3959 2712 4013 Si
2744 3961 2848 4012 vita
2889 3964 2972 4010 tua
3013 3956 3290 4026 Speculum
3336 3959 3442 4023 sit,
3479 3957 3565 4010 ubi

1983 4055 2183 4110 milites
2211 4054 2424 4106 videant
2451 4043 2578 4121 quid
2608 4064 2763 4118 agere
2791 4049 3043 4116 debeant,
3080 4048 3380 4118 requiescet
3409 4064 3573 4116 snper

1986 4157 2036 4203 te
2058 4147 2287 4217 Spiritus
2315 4145 2548 4214 pietatis.
2581 4141 2640 4197 Si
2666 4157 2770 4194 non
2797 4156 3025 4208 praet-sse
3050 4151 3295 4209 appetas,
3331 4142 3421 4194 sed
3449 4157 3570 4208 pro-

1983 4241 2164 4306 desse,
2192 4239 2490 4309 requiescet
2514 4250 2676 4304 Super
2703 4247 2751 4288 te
2772 4231 3004 4302 Spiritus
3027 4233 3284 4287 scientiae.
3315 4233 3403 4286 Ille
3426 4235 3570 4286 enim

1983 4335 2084 4391 scit
2115 4347 2370 4405 pratcsw,
2405 4331 2495 4400 qui
2523 4331 2633 4382 vult
2667 4327 2945 4397 prodesse.
2975 4325 3030 4379 Si
3061 4325 3250 4394 diligas
3275 4325 3573 4394 rempubli-

1982 4435 2100 4485 cam
2133 4428 2269 4483 sicut
2297 4435 2348 4480 te
2379 4425 2574 4492 ipsum,
2608 4421 2908 4490 requiescet
2931 4431 3094 4487 super
3120 4429 3170 4474 te
3201 4419 3431 4487 Spiritus
3463 4415 3574 4471 τομ

1981 4520 2248 4577 titudinis.
2303 4516 2360 4573 Si
2401 4515 2646 4570 humanis
2691 4514 2870 4568 dixina
2919 4528 3202 4583 prtepouas
3228 4553 3242 4577 ,
3275 4511 3574 4580 requiescet

283 4605 412 4661 belli
464 4607 776 4676 imperfecta
819 4606 1058 4673 dit'tatio,
1103 4610 1231 4663 nit.il
1263 4610 1386 4663 huic
1434 4620 1535 4664 tua:
1581 4609 1867 4680 interroga-

1983 4631 2144 4685 super
2185 4623 2235 4668 te
2263 4612 2495 4682 Spiritus
2531 4607 2761 4664 consilii.
2807 4606 2866 4663 Si
2913 4606 3143 4661 libenter
3183 4605 3366 4660 audias
3397 4622 3408 4657 :
3445 4601 3573 4658 Noli
3609 4654 3612 4658 .

283 4699 420 4754 tioni
448 4699 792 4771 cognoscitur
820 4701 1160 4770 respondisse
1188 4701 1470 4772 (principia
1494 4703 1633 4756 enim
1657 4702 1876 4772 gloriosi

281 4792 490 4861 operis,
535 4791 758 4861 primam
791 4794 1141 4860 qnazstionem
1178 4793 1474 4848 litterarum
1507 4803 1715 4848 tuarum
1755 4794 1877 4847 diu-

283 4885 394 4937 tius
421 4884 717 4937 ventilant:
770 4884 958 4937 Utrum
995 4898 1121 4938 caro
1153 4883 1351 4937 Christi
1399 4885 1767 4954 corruptibilis
1811 4900 1877 4938 an

284 4975 712 5044 incorruptibilis
751 4973 948 5041 fuerit;
993 4975 1133 5030 unde
1177 4978 1351 5030 adhuc
1379 4978 1660 5048 disputans
1691 4981 1879 5033 doctor

284 5065 380 5120 ile
411 5064 675 5136 egregius,
715 5079 1002 5136 antequam
1037 5067 1260 5122 ﬁdeliter
1290 5069 1495 5122 ratione
1521 5068 1640 5124 lidci
1669 5069 1873 5124 reddita

284 5159 356 5214 dc
387 5158 596 5212 actibus
624 5159 943 5214 militaribus
974 5177 1092 5213 cum
1129 5163 1321 5226 pietate
1354 5163 1642 5216 tractandis
1675 5162 1878 5232 incipe-

285 5257 374 5305 ret
404 5249 567 5318 loqui,
594 5249 838 5304 transivit
865 5253 928 5303 ad
960 5261 1178 5305 aeternae
1211 5251 1557 5305 beatitudinis
1603 5252 1878 5306 immorta-

283 5342 360 5403 lia
399 5341 611 5412 gaudia,
653 5342 886 5398 Verbum
935 5344 1048 5409 Dei,
1083 5345 1223 5413 quod
1258 5347 1310 5400 in
1343 5346 1506 5399 corde
1539 5356 1594 5399 rt
1619 5363 1713 5400 ore
1739 5363 1880 5400 sem-

283 5448 384 5504 per
415 5434 598 5489 habuit
628 5434 762 5489 lacie
789 5435 854 5489 ad
885 5435 1073 5492 faciem
1103 5438 1583 5509 contemplaturus)
1610 5479 1626 5506 ,
1677 5455 1879 5509 impur-

282 5525 507 5580 tahilem
558 5528 820 5582 strcinani
870 5544 1031 5596 super
1081 5530 1338 5586 humeros
1367 5532 1573 5586 debiles
1609 5533 1783 5602 ponis,
1820 5542 1880 5588 ut

283 5631 376 5672 me
418 5616 608 5686 jubcas
659 5621 784 5673 tanti
837 5621 933 5676 viti
1000 5623 1150 5692 quasi
1206 5624 1594 5679 ha'reditarium
1645 5627 1878 5680 debitum

279 5709 523 5765 Solvere.
553 5711 798 5784 Nunquid
822 5730 919 5784 ego
947 5716 1023 5770 sic
1053 5717 1288 5785 repletus
1309 5735 1423 5770 sum
1453 5719 1713 5784 sapit-uta
1738 5719 1872 5772 sicut

286 5802 382 5857 ille
402 5803 425 5854 ?
449 5802 655 5887 Nunqui
679 5809 690 5860 l
721 5807 910 5863 ead-:m
946 5807 1072 5863 mihi
1100 5807 1322 5877 {multas
1350 5811 1549 5882 eloquii
1574 5811 1596 5864 ?
1626 5811 1871 5880 NunquiJ

1983 4726 2091 4765 esse
2120 4707 2337 4762 multum
2371 4708 2574 4777 justus,
2610 4700 2911 4770 requiescet
2954 4714 3116 4768 super
3149 4708 3200 4754 te
3231 4700 3460 4768 Spiritus
3487 4696 3572 4750 itt-

1986 4803 2251 4857 tellcctus.
2285 4796 2340 4852 Si
2374 4795 2684 4852 memineris
2716 4801 2767 4847 te
2793 4808 2914 4848 esse
2943 4790 3325 4854 Christianum,
3360 4787 3572 4857 requie-

1984 4907 2095 4951 scet
2123 4908 2282 4960 super
2310 4899 2362 4944 te
2388 4888 2621 4956 Spiritus
2649 4884 2927 4956 SapTentite
2959 4901 2975 4951 ;
3026 4893 3078 4939 et
3118 4899 3213 4952 per
3244 4879 3570 4950 septiformis

1985 4986 2215 5058 Spiritus
2245 4981 2624 5036 abundantiam
2675 4977 2977 5032 misericors
3021 4976 3161 5030 Deus
3208 4972 3382 5042 (sicut
3414 4987 3569 5025 vera-

1986 5080 2201 5134 cissime
2230 5077 2385 5132 amici
2416 5075 2497 5131 sui
2531 5075 2848 5129 lidelissimo
2878 5071 2981 5126 Job
3021 5067 3298 5134 dixerunt)
3339 5081 3349 5115 :
3387 5061 3452 5116 In
3482 5079 3570 5117 sex

1982 5169 2397 5224 tribulationibus
2435 5165 2664 5221 liberabit
2708 5177 2791 5227 te;
2841 5163 2891 5213 in
2934 5160 3149 5225 septima
3186 5171 3286 5210 nan
3324 5164 3493 5226 Νηρεί
3525 5166 3572 5208 ω

1982 5265 2197 5316 ma'unt.
2230 5258 2297 5314 In
2323 5262 2456 5331 fume
2483 5268 2620 5312 eruet
2645 5267 2692 5308 te
2710 5256 2772 5308 de
2794 5261 2970 5317 morte,
2996 5258 3040 5306 ct
3068 5250 3119 5303 in
3147 5247 3297 5314 bello,
3325 5249 3388 5302 de
3417 5269 3474 5300 m:
3499 5267 3572 5304 nn

1983 5355 2169 5425 gladii.
2221 5355 2264 5406 A
2297 5350 2507 5421 ﬂagello
2536 5350 2725 5418 lingua!
2770 5342 3096 5397 absconderis
3119 5384 3135 5408 ,
3166 5353 3213 5396 et
3244 5357 3341 5395 non
3374 5342 3575 5398 timebis

1989 5447 2330 5500 calamitatem
2358 5458 2472 5495 cum
2501 5439 2712 5493 venerit.
2755 5432 2820 5488 In
2850 5436 3080 5487 vastitate
3111 5443 3158 5486 et
3191 5433 3325 5502 fame
3358 5434 3570 5498 ridebis,

1989 5548 2035 5592 et
2065 5537 2244 5591 bestias
2274 5545 2420 5588 terra:
2446 5549 2542 5586 non
2571 5528 2890 5601 formidabis,
2924 5528 3010 5580 sed
3045 5543 3160 5581 cunt
3200 5526 3456 5594 lapidibus
3487 5545 3570 5583 re-

1991 5630 2196 5700 gionnm
2231 5634 2435 5695 pactum
2465 5634 2605 5676 tuum
2626 5661 2640 5687 ,
2680 5631 2726 5676 et
2773 5620 2942 5675 bestia
2982 5631 3128 5674 terra:
3156 5620 3384 5690 paci/icto
3419 5630 3571 5675 erunt

1990 5721 2099 5774 tibi.
2143 5716 2206 5768 Et
2241 5718 2367 5769 scies
2394 5716 2530 5785 quod
2558 5730 2731 5785 pacem
2763 5713 2941 5767 habent
2975 5712 3357 5767 tabernaculum
3389 5728 3569 5775 tuum;

1989 5824 2036 5890 et
2067 5811 2276 5867 visitant
2301 5809 2516 5876 speciem
2545 5817 2712 5877 luant,
2737 5825 2834 5864 non
2861 5807 3089 5875 peccabis
3121 5804 3262 5876 (Job.
3291 5821 3341 5875 ν,
3367 5803 3568 5869 ίθ-Ξὸ).
