4012 6194
399 369 491 421 851

400 596 708 666 singillatim
740 593 808 647 de
839 593 922 645 liis
949 598 1152 660 septem
1187 589 1474 660 generibus
1501 587 1863 656 disputantem
1899 587 1990 640 be-

401 687 624 744 nevolus
671 691 726 739 et
775 683 1012 737 intentus
1077 682 1362 747 advertas;
1431 678 1559 734 illud
1625 676 1996 748 principaliter

399 779 618 843 sciens,
665 775 935 830 neminem
985 774 1102 828 sine
1145 774 1314 843 gratia
1366 772 1458 826 Dei
1490 781 1636 827 recte
1675 771 1990 841 intelligere,

403 868 674 921 neminem
697 865 839 934 juste
863 865 1061 919 virere.
1085 864 1339 917 Dominus
1363 865 1504 917 enim
1526 864 1618 916 dat
1639 862 1991 925 intellectum,

403 960 660 1012 Dominus
699 973 860 1026 quem
899 955 1131 1010 voluerit
1159 955 1463 1024 religiosum
1496 954 1645 1009 facit.
1694 953 1832 1009 Nihil
1868 954 1992 1008 boni
2045 987 2054 995 -

401 1067 462 1105 ex
495 1052 652 1105 nobis
696 1051 952 1103 habemus
985 1067 995 1100 :
1035 1049 1200 1102 Omne
1229 1049 1410 1101 datum
1441 1050 1689 1113 Optimum
1714 1089 1729 1112 ,
1764 1058 1812 1101 et
1849 1063 1996 1099 omne

402 1147 593 1197 donum
613 1147 893 1213 perfectum
923 1142 1148 1212 (incubo
1175 1141 1419 1208 apostolo
1439 1140 1798 1210 contestante)
1820 1140 1996 1193 desur-

405 1253 513 1289 ~um
542 1245 636 1299 est,
670 1234 975 1288 descendens
1006 1250 1037 1286 a
1071 1232 1226 1292 Patre
1251 1233 1523 1294 luminum,
1547 1234 1687 1302 apud
1719 1247 1866 1301 quem
1894 1246 1996 1282 non

405 1337 478 1381 est
512 1327 873 1382 transmutatio
898 1341 988 1378 nec
1017 1325 1258 1395 momenti
1288 1323 1605 1376 obumbratio
1635 1319 1774 1389 (Jac.
1809 1337 1848 1386 ι,
1883 1322 1997 1390 17).

623 1437 779 1486 Palus
802 1450 1008 1486 anno“.
1034 1437 1235 1486 Omnem
1257 1432 1461 1499 gloriam
1484 1434 1582 1482 Deo
1598 1428 1770 1483 tribue.

476 1540 526 1594 ti.
577 1540 751 1594 Prima
803 1539 1025 1608 proinde
1065 1549 1147 1594 est
1192 1537 1373 1608 regula
1400 1579 1413 1601 ,
1457 1552 1614 1605 quam
1648 1546 1831 1590 tenere
1860 1536 2002 1591 inter

409 1644 560 1684 actus
583 1631 778 1684 debeas
808 1630 1089 1693 militares,
1114 1638 1170 1682 ut
1203 1628 1333 1692 nihil
1367 1628 1565 1681 viribus
1592 1626 1694 1680 tuis
1721 1625 2004 1694 Sllpel‘itills

409 1723 652 1792 assignes
672 1764 686 1786 ,
718 1723 811 1776 sed
849 1722 1025 1777 omnia
1056 1738 1172 1788 qua:
1216 1721 1508 1790 sapienter,
1539 1733 1629 1774 aut
1656 1719 1885 1786 fortiter,
1915 1726 2007 1772 aut

1313 342 1672 412 FULGESTII
1716 346 2383 408 FERRANDl‘DlACONl
2424 343 2590 398 cum
2613 341 2772 398 tuo.

2098 843 2207 905 sit,
2244 850 2433 894 orante
2471 838 2655 893 .lndith
2703 831 2945 904 protinus
2982 820 3410 884 ceniortaberis,
3455 824 3696 905 consona

2098 932 2342 985 oratione
2392 931 2520 984 dum
2569 923 2938 996 gemebundus
2981 912 3368 974 exclamaveris
3410 925 3424 962 :
3469 906 3592 960 Non
3640 904 3697 956 in

2101 1022 2434 1076 multitudine
2455 1030 2524 1075 est
2547 1018 2792 1088 fortitudo
2813 1025 2925 1080 tua,
2954 1025 3116 1078 neque
3137 1008 3295 1061 uirtus
3321 1015 3408 1056 tua
3433 1001 3488 1055 in
3511 1006 3693 1068 poten-

2101 1117 2288 1171 tatibus
2305 1131 2325 1181 ;
2354 1115 2445 1168 sed
2473 1112 2748 1166 humilium
2779 1107 3008 1180 (Iudith.
3041 1118 3118 1168 tx,
3151 1099 3239 1165 16)
3268 1111 3329 1152 es
3358 1094 3522 1156 Deus,
3553 1089 3696 1145 indi-

2101 1209 2336 1276 gentium
2376 1205 2677 1269 auxiliator,
2721 1202 3056 1255 inﬁrmorum
3095 1191 3415 1263 opitulator.
3466 1183 3524 1240 Si
3558 1197 3701 1238 cou—

2109 1299 2289 1354 eordia
2337 1297 2568 1351 militum
2616 1294 2912 1363 qumritur,
2961 1283 3330 1344 recordaberis
3373 1276 3629 1345 scripturn
3677 1290 3691 1324 :

2105 1389 2316 1444 Domini
2347 1397 2417 1443 cst
2459 1403 2561 1457 pax
2610 1384 2808 1456 (Judic.
2839 1397 2913 1446 vt,
2946 1379 3067 1447 24).
3115 1375 3172 1432 Si
3201 1368 3529 1431 obezlientia,
3562 1376 3696 1419 voce

2106 1481 2296 1551 psalmi
2325 1480 2546 1533 Domino
2578 1477 2688 1530 Deo
2716 1487 2806 1530 tuo
2831 1471 3076 1528 cantabis
3109 1486 3122 1521 :
3162 1466 3360 1536 Eripies
3382 1477 3460 1514 me
3483 1459 3548 1551 de
3573 1471 3696 1511 cort-

2109 1550 2495 1626 tradictionibus
2524 1568 2701 1637 pOpuli
2741 1565 2862 1633 (Ps.
2894 1579 3029 1628 ινιτ,
3054 1558 3183 1628 Iit);
3226 1555 3327 1610 Sub
3352 1550 3569 1606 nomine
3597 1560 3694 1637 au-

2111 1675 2218 1719 tem
2269 1661 2452 1732 populi
2498 1635 2661 1715 etiam
2712 1654 2994 1712 multitudo
3035 1651 3260 1706 militum
3309 1659 3411 1699 non
3462 1635 3700 1694 absurde

2111 1756 2432 1825 intelligitur
2456 1771 2470 1806 :
2497 1752 2728 1808 maxime
2759 1748 2880 1819 quia
2909 1748 2961 1801 in
2996 1739 3298 1810 lujusmodi
3327 1734 3521 1806 populo
3548 1742 3701 1796 saepe

412 1812 636 1869 relicum.
675 1814 840 1882 μήδ’
874 1815 939 1867 ad
973 1810 1796 1908 landemfercms.poienliiéimi
1825 1809 2006 1908 ,ϐων
2037 1849 2084 1908 Β
2112 1809 2346 1904 abund;
2391 1809 2788 1908 contradictio;
2826 1809 3115 1896 severitate
3159 1832 3390 1890 naturali
3420 1828 3698 1884 materiam

414 1911 546 1960 toris
578 1924 590 1958 :
627 1921 830 1960 memor
865 1921 1078 1974 semper
1113 1905 1235 1974 quid
1272 1904 1466 1971 pepulo
1505 1903 1794 1958 lsraelitico
1825 1903 2007 1971 ingrc-

413 1997 580 2050 dicnti
612 2005 806 2050 terram
851 1997 1221 2066 promissionis
1252 1995 1459 2064 Moyses
1493 1996 1765 2059 loquatur,
1801 1992 2012 2045 humili-

417 2086 542 2140 tatis
580 2093 782 2139 sanctte
819 2087 1007 2140 volens
1055 2101 1242 2140 omnes
1292 2083 1492 2139 habere
1543 2084 1816 2137 virtutem.
1873 2082 2012 2136 Dicit

418 2182 564 2233 enim
601 2196 614 2231 :
652 2177 734 2232 Ne
763 2178 905 2231 dicas
934 2180 983 2229 in
1012 2178 1164 2230 corde
1191 2187 1277 2230 tuo
1305 2193 1325 2232 :
1362 2175 1538 2230 Virtus
1567 2191 1680 2228 mea
1710 2185 1756 2228 ct
1787 2174 2013 2244 potentia

415 2287 522 2323 trea
553 2269 670 2338 fecit
694 2270 817 2322 mihi
845 2270 1079 2322 virtutem
1109 2269 1240 2322 hanc
1271 2283 1545 2339 magnam;
1577 2268 1663 2320 sed
1690 2283 1881 2319 memor
1910 2266 2011 2319 eris

427 2362 633 2416 Domini
664 2360 762 2415 Dei
793 2363 889 2425 tui,
922 2361 1039 2429 quia
1069 2361 1158 2414 ille
1185 2361 1274 2413 tibi
1301 2363 1389 2412 dat
1423 2359 1698 2429 potentiam
1728 2358 1795 2409 ad
1817 2355 2014 2427 fac'ett-

420 2458 540 2508 dam
573 2458 804 2509 virtutem
831 2453 1009 2524 (Deut.
1039 2470 1151 2519 vnt,
1178 2455 1265 2521 17,
1294 2452 1406 2521 18).
1438 2453 1586 2507 Sicut
1619 2449 1825 2520 plenius
1855 2450 2011 2503 etiam

419 2549 674 2617 propheta
733 2547 990 2602 Jeremias
1037 2547 1287 2602 admonet
1323 2564 1338 2602 :
1374 2544 1493 2598 Non
1521 2545 1770 2618 glorietur
1811 2547 2014 2615 sapiens

419 2642 469 2692 in
517 2640 769 2707 sapicntia
823 2655 936 2701 sua,
968 2649 1013 2692 et
1069 2655 1170 2692 non
1223 2637 1471 2709 glorietur
1522 2637 1664 2690 fortis
1711 2639 1763 2690 in
1812 2637 2016 2705 fortitu-

423 2733 542 2784 dine
582 2746 696 2793 sua,
747 2739 795 2782 et
849 2746 951 2782 non
1005 2729 1255 2800 glorietur
1310 2727 1446 2780 dives
1495 2727 1550 2780 in
1608 2727 1794 2781 divitiis
1861 2725 2014 2791 suis;

418 2825 508 2877 39d
540 2827 591 2875 in
634 2825 730 2876 hoc
774 2824 1024 2892 glorietur
1052 2825 1137 2891 qui
1178 2819 1430 2893 gloriatur
1457 2837 1478 2876 :
1504 2822 1787 2893 intelligere
1812 2833 1859 2876 et
1888 2823 2016 2878 scire

419 2917 658 2985 quoniam
680 2933 771 2986 ego
796 2931 908 2968 sum
934 2913 1204 2981 Dominus,
1233 2916 1320 2984 qui
1343 2914 1478 2987 facio
1507 2915 1936 2981 miscricordiam,
1967 2922 2014 2968 et

419 3008 670 3082 judicium
693 3050 708 3074 ,
742 3019 784 3061 et
807 3008 1066 3081 justiriatn
1097 3025 1246 3075 super
1270 3018 1459 3062 terram
1506 3006 1638 3078 (Jer.
1663 3023 1738 3073 ιι,
1767 3007 1860 3074 25,
1891 3007 2010 3079 2i).

419 3098 749 3170 Frequenter
780 3096 961 3168 igitur,
1003 3111 1056 3155 et
1106 3101 1192 3167 (si
1223 3099 1338 3154 ﬁeri
1373 3097 1591 3172 potest)
1624 3099 2010 3164 indesinenter,

2115 1941 2470 1998 seditionibus
2504 1939 2863 1994 ministrante.
2908 1932 3213 1989 Periculosa
3241 1934 3326 1984 est
3352 1933 3532 1979 autem
3562 1920 3701 1975 mili-

2113 2045 2223 2089 tum
2263 2033 2648 2096 contradictio;
2693 2029 2936 2086 cmdibus
2979 2027 3121 2079 enim
3169 2020 3482 2091 rapinisque
3527 2014 3699 2068 vicina

2113 2134 2195 2180 est
2227 2141 2243 2180 :
2274 2133 2328 2180 et
2365 2123 2535 2178 dulcis
2578 2120 2880 2177 obedientia
2912 2159 2928 2183 ,
2958 2117 3085 2172 dttm
3117 2114 3337 2168 monitis
3375 2103 3701 2164 salutaribus

2114 2215 2494 2285 sapientissimi
2519 2213 2670 2268 ducis
2696 2212 2925 2266 libenter
2949 2209 3303 2272 obtemperat;
3335 2201 3443 2255 Nec
3471 2193 3700 2254 dubitari

2117 2307 2328 2377 penitus
2355 2315 2569 2377 oportet
2599 2305 2651 2358 in
2677 2303 2883 2357 actibus
2909 2295 3228 2353 militaribus
3258 2305 3507 2360 superna.-
3539 2286 3700 2377 virtu-

2118 2376 2185 2455 tis
2213 2376 2412 2454 auxilio
2442 2396 2604 2452 duces
2643 2393 2960 2449 fortissimos
2997 2388 3273 2456 indigere,
3303 2383 3573 2438 clamante
3603 2376 3702 2430 Da—

2116 2493 2224 2558 vid,
2248 2501 2301 2547 et
2321 2490 2471 2560 quasi
2501 2489 2556 2543 in
2583 2487 2844 2543 concione
2869 2481 3081 2554 generis
3103 2477 3323 2534 humani
3346 2470 3706 2540 respondente

2117 2586 2196 2639 eis
2217 2583 2307 2652 qui
2337 2579 2616 2636 conlidttnt
2650 2579 2701 2632 in
2734 2577 2931 2630 virtute
2956 2588 3049 2627 sua
3075 2589 3089 2624 :
3120 2569 3422 2624 Benedictus
3456 2563 3707 2623 Dominus

2120 2675 2254 2728 Deus
2293 2689 2434 2727 meus
2461 2712 2475 2736 ,
2515 2671 2604 2740 qui
2645 2669 2787 2723 docet
2834 2681 3016 2720 manus
3055 2679 3191 2716 meos
3230 2660 3298 2713 ad
3337 2657 3573 2727 praelium
3601 2698 3618 2720 ,
3661 2662 3708 2706 et

2119 2766 2309 2837 digitos
2335 2779 2474 2818 meos
2503 2762 2570 2816 ad
2602 2760 2810 2814 bellum.
2843 2752 3197 2811 Misericordia
3220 2767 3350 2815 mea,
3373 2758 3420 2802 et
3448 2748 3709 2818 refugium

2116 2873 2306 2919 uicum,
2325 2865 2588 2921 susceptor
2604 2869 2764 2916 meus,
2781 2860 2828 2904 et
2845 2848 3090 2902 liberator
3112 2842 3374 2909 nteus,qui
3393 2841 3568 2894 subdit
3615 2854 3707 2904 po-

2118 2949 2267 3020 pulos
2290 2946 2382 3001 sub
2403 2962 2482 2999 me
2501 2943 2616 3015 (Ps.
2633 2956 2813 3003 cxutt,
2831 2942 2852 2995 1
2868 2939 2968 3008 ,2).
2994 2939 3104 2993 lloc
3117 2937 3313 3006 quippe
3329 2932 3658 3000 intelligens,
3681 2944 3708 2981 a

2124 3040 2350 3095 Domino
2377 3038 2470 3093 tibi
2503 3035 2729 3107 populos
2753 3032 2964 3103 subjici,
2989 3031 3312 3086 voluntatem
3342 3023 3556 3078 Domini
3588 3036 3710 3091 pro-

2119 3134 2203 3188 Clli
2244 3131 2408 3188 dubio
2452 3129 2628 3184 facere
2668 3124 2980 3197 pr0perabis
3007 3166 3021 3190 ,
3059 3132 3114 3177 et
3152 3136 3255 3175 non
3289 3125 3556 3189 potestate
3595 3114 3711 3169 sola

423 3208 552 3247 mea
581 3192 756 3302 cordis
787 3201 838 3247 et
869 3193 1110 3296 (ξυνρίπῖε
1149 3191 1406 3302 θηξπιδλῖξίί
1438 3209 1449 3244 ⁵
1488 3191 1735 3302 [ξοδηίηθδ
1756 3193 2012 3302 ίθηίηίίίο
2037 3239 2084 3302 C
2129 3224 2356 3279 terrebis
2395 3220 2636 3278 subditos
2651 3191 2682 3284 ς*
2716 3191 2810 3272 sed
2861 3213 3141 3284 tranquilla
3181 3210 3402 3266 consilia
3443 3205 3712 3277 praebebis

420 3302 561 3350 utea,
588 3295 636 3340 et
665 3285 982 3356 adjutorium
1013 3299 1178 3337 meum
1215 3283 1267 3336 in
1299 3285 1381 3336 die
1419 3284 1672 3337 malorum
1721 3282 1852 3355 (Jer.
1890 3300 2001 3353 va,

419 3375 530 3443 19).
580 3376 646 3430 Et
676 3376 865 3430 iterum
899 3392 912 3428 :
945 3375 1087 3429 Sana
1121 3390 1235 3437 me,
1269 3373 1516 3440 Domine,
1548 3385 1593 3428 et
1619 3375 1871 3440 sunabor;
1902 3378 2008 3432 sal-

419 3484 534 3520 vum
558 3483 633 3520 me
654 3467 756 3538 fac,
782 3477 825 3519 et
854 3467 947 3520 sal.
965 3484 1023 3520 us
1052 3483 1158 3530 ero,
1186 3467 1305 3531 quia
1327 3467 1493 3538 gloria
1515 3484 1626 3521 mea
1656 3477 1708 3520 tu
1731 3485 1782 3522 cs
1815 3466 2003 3539 (Ibid.,

423 3573 553 3622 xvtt,
578 3556 682 3622 l4).
703 3555 808 3611 Ista
829 3557 971 3610 enim
1001 3557 1265 3622 dicendo,
1297 3558 1464 3612 sancti
1511 3558 1659 3614 Pauli
1707 3560 2004 3618 doctrinam

419 3648 566 3715 ειηιυί
596 3647 893 3715 videberis,
939 3647 1164 3702 dicentis
1197 3665 1210 3702 :
1245 3649 1345 3714 Qui
1383 3650 1658 3720 gloriatur,
1688 3651 1741 3705 in
1785 3651 2006 3708 Domino

416 3739 660 3810 glorietur
687 3739 772 3812 (Il
797 3739 918 3795 Cor.
948 3757 1002 3808 κ,
1030 3741 1139 3811 17).
1176 3741 1238 3796 Et
1266 3751 1391 3796 tunc
1421 3758 1581 3812 super
1609 3753 1660 3798 te
1692 3744 2007 3814 prophetica

417 3837 678 3893 sententia
709 3837 1101 3906 complebitur:
1129 3837 1432 3893 Benedictus
1471 3839 1624 3894 homo
1663 3843 1753 3911 qui
1792 3843 2007 3912 conﬁdit

414 3930 468 3982 in
506 3928 746 3996 Domino,
788 3939 836 3984 et
877 3931 971 3984 erit
1012 3926 1264 3984 Dominus
1303 3948 1414 4003 spes
1457 3932 1603 4003 cjus;
1645 3935 1840 4004 eritque
1875 3935 2006 3990 sicut

415 4021 612 4094 lignum
638 4019 963 4090 fructiferum
993 4037 1137 4076 secus
1162 4037 1368 4088 aquam,
1395 4033 1440 4076 et
1476 4023 1530 4075 in
1559 4025 1819 4078 humorem
1843 4024 2008 4079 mittet

415 4113 610 4166 radices
631 4129 784 4177 suas;
815 4129 916 4166 non
941 4113 1133 4166 timebit
1157 4129 1269 4166 cum
1298 4114 1484 4166 venerit
1509 4124 1684 4178 astus,
1714 4123 1760 4167 et
1781 4126 1927 4168 erunt
1951 4115 2004 4169 in

413 4223 472 4261 eo
499 4208 708 4276 frutices
732 4208 992 4262 numerosi
1015 4224 1033 4275 ;
1074 4217 1120 4261 ct
1148 4208 1199 4260 in
1224 4223 1361 4260 anno
1384 4205 1625 4262 siccitatis
1649 4223 1750 4261 non
1789 4208 2004 4273 timebit,

412 4310 458 4350 ct
498 4314 602 4351 non
645 4299 844 4368 deﬁciet
884 4315 916 4352 a
959 4298 1196 4368 faciendo
1233 4297 1462 4365 fructum
1503 4295 1636 4370 (Jer.
1675 4312 1804 4364 xvn,
1838 4299 1891 4362 7,
1925 4299 2004 4368 8).

424 4390 643 4444 Deliciet
683 4399 862 4444 autem
907 4390 950 4446 si
990 4388 1346 4446 obliviscatur
1375 4389 1517 4445 illius
1542 4433 1557 4458 ,
1605 4389 1670 4445 de
1703 4406 1808 4458 quo
1837 4391 2006 4446 fidelis

420 4481 585 4535 Isaias
614 4480 860 4536 ﬁdelibus
900 4489 1078 4536 narrat
1111 4499 1125 4536 :
1160 4480 1294 4536 Deus
1334 4483 1709 4549 sempiternus,
1756 4480 2007 4537 Dominus

409 4569 497 4637 qui
519 4570 706 4624 creauit
736 4571 976 4626 terminos
1002 4582 1146 4626 terra:
1169 4589 1186 4636 ;
1228 4588 1331 4625 non
1354 4572 1580 4642 deﬁciet,
1612 4587 1773 4642 neque
1799 4573 2005 4626 labora-

409 4662 498 4726 bit,
532 4676 623 4714 nec
662 4671 734 4714 est
775 4662 1088 4734 investigatio
1128 4663 1393 4733 sapientia:
1432 4665 1562 4732 ejus.
1591 4662 1692 4728 Qui
1730 4669 1819 4716 dat
1861 4664 2000 4718 lasso

408 4755 662 4822 virtutem,
688 4763 736 4808 et
759 4753 834 4808 Itis
857 4754 946 4824 qui
967 4771 1066 4808 non
1093 4764 1213 4808 sunt
1247 4755 1598 4824 fortitudinem
1621 4765 1668 4809 ct
1691 4756 1843 4809 robur
1868 4758 2001 4810 ntul-

408 4844 627 4914 tiplicat.
679 4845 925 4912 Deficient
960 4846 1138 4914 pueri,
1166 4859 1213 4899 et
1240 4846 1574 4911 laborabunt,
1603 4855 1648 4900 et
1675 4847 1890 4916 juvenes
1916 4849 2001 4900 in-

408 4941 650 5006 ﬁrmitate
679 4940 882 4993 cadent.
929 4940 1028 5005 Qui
1055 4950 1223 4994 autem
1253 4950 1460 5008 sperant
1482 4941 1537 4994 in
1562 4939 1802 5005 Domino,
1831 4953 2001 4995 muta-

407 5034 530 5086 bunt
587 5034 981 5102 fortitudinem,
1031 5045 1288 5087 asstmtent
1335 5052 1523 5103 pennas
1584 5035 1714 5088 sicut
1771 5035 1998 5101 aquiltv,‘

407 5133 610 5177 current
650 5135 696 5178 et
739 5141 841 5178 non
881 5125 1182 5179 laborabunt
1209 5165 1222 5191 ,
1261 5125 1501 5178 rolabunl
1539 5137 1585 5179 et
1626 5142 1726 5179 non
1766 5125 2006 5192 deﬁcient

409 5213 540 5283 (lsa.
574 5231 669 5282 XL,
698 5215 935 5285 ‘28-'50.
977 5217 1175 5282 Curre,
1218 5216 1373 5270 miles
1404 5215 1531 5278 Dei,
1570 5215 1903 5279 festinanter,
1947 5223 2004 5268 ιιι

409 5323 630 5362 numero
670 5308 851 5362 talium
894 5309 1126 5364 sociatus
1153 5350 1167 5374 ,
1216 5309 1428 5378 negotia
1477 5307 1728 5361 militaria
1778 5321 2002 5361 securus

408 5415 584 5466 geras.
635 5398 688 5452 Si
722 5399 861 5453 enim
892 5401 1117 5453 consilio
1147 5399 1223 5453 uti
1265 5399 1625 5454 necessarium
1671 5397 1824 5453 l‘nctit
1854 5443 1868 5466 ,
1914 5413 2001 5452 rc-

408 5489 637 5555 ⁵ιιιιιιιίρι
661 5489 752 5543 tibi
775 5491 1030 5545 continuo
1058 5491 1325 5562 Sapientia
1353 5509 1366 5545 :
1396 5489 1571 5545 Meum
1603 5499 1677 5543 est
1701 5488 1990 5554 consilium,

406 5591 452 5636 et
483 5599 593 5636 mea
622 5583 778 5637 tutela
808 5580 990 5652 (Prov.
1021 5600 1134 5648 vni,
1171 5583 1284 5652 14).
1332 5584 1388 5640 Si
1430 5586 1479 5638 in
1522 5585 1706 5654 prmiio
1737 5584 1997 5637 dimican-

408 5675 556 5740 d-tm,
589 5675 859 5731 fortissimi
893 5677 1104 5732 Davidis
1146 5679 1333 5734 audies
1361 5696 1547 5736 vocem
1582 5698 1593 5732 :
1632 5677 1753 5732 Non
1795 5679 1846 5732 in
1880 5678 1991 5747 gla-

407 5768 511 5830 dio,
539 5785 693 5834 neque
721 5769 773 5822 in
801 5770 946 5823 hasta
977 5772 1136 5823 salvat
1172 5771 1421 5827 Dominus
1454 5790 1472 5828 :
1504 5773 1666 5842 ipsius
1702 5783 1773 5826 cst
1807 5771 1997 5824 bellant

410 5859 464 5929 (l
494 5860 617 5931 lleg.
648 5875 780 5929 svu,
810 5861 923 5929 Η).
959 5862 1012 5918 Si
1038 5877 1222 5918 contra
1257 5863 1475 5921 ltusnles
1506 5865 1737 5930 impetus
1765 5873 1998 5929 praetexta

2112 3317 2508 3384 obedientibus,
2525 3313 2670 3392 dans
2699 3324 2917 3381 operam
2950 3307 3072 3362 talis
3097 3320 3236 3368 esse,
3256 3303 3444 3374 quales
3467 3300 3549 3354 vis
3573 3299 3714 3353 alios

2117 3425 2378 3467 Invenire.

2253 3534 2476 3585 Secutum
2501 3541 2709 3583 nacus.
2741 3526 2854 3580 Vita
2878 3531 2960 3576 tua
2981 3521 3042 3573 sit
3065 3520 3271 3571 militum
3293 3512 3562 3580 speculum.

2183 3644 2237 3700 5.-
2278 3638 2521 3698 Secunda
2553 3637 2750 3707 quippe
2780 3631 2962 3704 regula
2995 3638 3080 3685 est
3110 3624 3426 3683 innocentia:
3460 3621 3712 3676 militari-

2115 3737 2214 3792 bus
2243 3734 2450 3790 actibus
2479 3739 2764 3801 occupato,
2797 3738 2852 3781 ιιι
2881 3725 3030 3796 quasi
3061 3724 3113 3777 in
3144 3719 3387 3790 speculo,
3419 3716 3499 3771 sic
3530 3715 3584 3770 in
3617 3715 3715 3768 illo

2112 3831 2306 3888 milites
2351 3827 2566 3882 videant
2615 3820 2740 3894 quid
2785 3834 2944 3889 agere
2982 3815 3246 3879 debeant;
3296 3821 3348 3867 et
3395 3810 3564 3878 magis
3617 3821 3716 3862 eos

2113 3923 2340 3978 imitatio
2359 3919 2425 3974 ad
2449 3919 2645 3973 bonum
2671 3922 2946 3984 provocet,
2964 3923 3119 3980 quam
3145 3914 3403 3976 potestas.
3423 3901 3538 3956 Dux
3561 3900 3714 3954 enim

2111 4017 2327 4085 sapiens
2356 4013 2484 4069 illuc
2511 4010 2672 4065 debet
2699 4007 2807 4069 ire,
2850 4018 2956 4074 quo
2987 4001 3138 4071 cupit
3176 3998 3382 4054 ducere
3411 3992 3568 4049 subdi
3603 4007 3672 4045 os
3700 4008 3716 4054 ;

2112 4111 2234 4166 ideo
2255 4107 2400 4163 enim
2427 4105 2624 4160 dicitur
2653 4099 2784 4167 dux,
2810 4097 2934 4168 quia
2967 4094 3149 4159 ducit;
3176 4100 3232 4147 et
3254 4090 3494 4160 scipsum
3520 4085 3718 4154 utique

2111 4200 2355 4261 seducit,
2393 4196 2439 4250 si
2469 4209 2562 4265 per
2589 4193 2728 4247 viam
2770 4189 2969 4258 regiam
3019 4191 3171 4255 putat
3218 4193 3374 4250 posse
3403 4176 3716 4239 ambulare.

2112 4305 2249 4361 quos
2280 4289 2345 4342 ad
2385 4287 2594 4341 foveam
2637 4281 2794 4338 mala:
2827 4280 2973 4343 vitm,
3008 4275 3207 4330 malum
3233 4269 3537 4339 exemplum
3569 4283 3721 4337 pra:-

2115 4383 2288 4440 bendo
2312 4379 2578 4450 perducit.
2609 4377 2686 4431 Tu
2715 4384 2833 4431 esto
2857 4387 2985 4442 ergo
3008 4366 3234 4439 signifer
3259 4363 3558 4433 disciplinae
3585 4378 3721 4415 san-

2113 4475 2402 4535 ctissume;
2439 4481 2492 4524 tu
2521 4469 2668 4537 erige
2714 4477 2969 4533 tropteum
2999 4458 3246 4524 virtutis,
3273 4451 3592 4510 intuendum
3623 4451 3721 4521 ju-

2113 4567 2247 4637 giter
2279 4561 2520 4627 emis-ris;
2570 4568 2624 4613 tu
2659 4555 2944 4612 imitandus
2969 4565 3167 4621 apparo
3193 4591 3209 4614 ,
3249 4548 3447 4619 quique
3472 4556 3525 4598 te
3552 4544 3722 4599 audit

2114 4657 2508 4726 ιιιευιίρῑεηιοιιι
2539 4694 2552 4718 ,
2602 4667 2707 4706 non
2751 4659 2804 4704 te
2842 4646 3128 4713 redarguat
3166 4641 3319 4695 aliter
3363 4644 3720 4707 operantem.

2115 4749 2261 4804 Pone
2291 4760 2503 4814 semper
2530 4745 2580 4798 in
2610 4742 2774 4796 corde
2803 4749 2893 4793 tuo
2935 4748 3216 4791 sermones
3246 4729 3488 4800 Apostoli
3519 4727 3688 4783 dicen
3707 4759 3719 4766 -
3793 4776 3806 4787 ,

2113 4841 2178 4894 tis
2219 4857 2234 4896 :
2268 4835 2642 4891 Inea'cusobilis
2675 4849 2724 4885 es
2751 4872 2764 4896 ,
2797 4847 2826 4884 ο
2857 4829 3009 4882 homo
3049 4825 3214 4878 omnis
3247 4823 3334 4892 qui
3352 4819 3610 4891 judicos;
3662 4819 3720 4871 in

2111 4949 2209 5003 quo
2240 4933 2374 4984 enim
2404 4929 2563 4980 alium
2587 4924 2798 4998 jud'cas
2823 4963 2838 4987 ,
2872 4931 2918 4976 te
2945 4922 3108 4990 ipsum
3136 4913 3488 4976 condemnas;
3526 4914 3720 4964 eadcm

2111 5029 2245 5082 enim
2270 5026 2378 5094 agis
2405 5021 2742 5094 quaejudicas
2786 5017 2965 5088 (Rom.
2991 5030 3050 5080 tt,
3078 5011 3153 5082 1).
3188 5010 3395 5079 thum
3415 5005 3720 5077 culpabilia

2111 5116 2450 5188 pronuntias,
2476 5113 2647 5166 vitare
2678 5109 2824 5178 prius
2849 5105 3116 5164 studebis,
3147 5111 3331 5169 postea
3365 5099 3719 5154 condemna-

2109 5227 2167 5267 re
2198 5227 2215 5268 ξ
2243 5222 2576 5281 ῳιωειιιιιιιιε
2613 5201 2916 5259 laudabilia.
2947 5197 3158 5268 operari
3204 5195 3370 5266 prius,
3400 5203 3590 5265 postea
3622 5192 3718 5262 ju-

2109 5311 2257 5362 bere.
2301 5302 2420 5356 \’ita
2465 5301 2660 5369 quippe
2689 5294 2875 5366 optimi
2910 5291 3081 5355 ducis,
3111 5286 3333 5357 Speculo
3360 5295 3720 5355 comparata,

2106 5399 2243 5452 bene
2274 5391 2573 5461 inspicitur,
2600 5390 2642 5442 si
2678 5389 2851 5441 luceat
2882 5386 2931 5438 iu
2962 5398 3046 5448 ea,
3074 5396 3182 5436 non
3214 5379 3464 5433 simulato
3491 5373 3721 5441 colore,

2104 5488 2199 5543 sed
2233 5485 2512 5540 verissima
2541 5493 2761 5551 prorsus
2789 5475 3117 5539 ostensione,
3151 5471 3306 5536 lides,
3335 5468 3560 5538 iustitia.
3594 5469 3721 5519 mi-

2102 5577 2419 5636 sericordia.
2449 5572 2700 5642 patientia
2723 5611 2739 5636 ,
2778 5567 3130 5629 continentia,
3158 5571 3212 5617 et
3239 5577 3346 5615 non
3379 5558 3718 5630 imprudens

2104 5673 2387 5728 astimatio
2429 5669 2751 5722 futurorum.
2816 5660 3014 5716 Fid-lis
3070 5657 3172 5711 dux
3215 5655 3364 5716 eris,
3409 5652 3451 5716 si
3487 5651 3718 5718 judicia

2104 5762 2445 5834 sapientium,
2479 5776 2584 5814 non
2615 5752 2955 5811 sennonibns
2984 5750 3342 5815 adulatorum,
3371 5743 3616 5814 probet-is
3649 5753 3714 5795 (ιι

2107 5871 2296 5924 regno:
2313 5855 2452 5910 caris
2478 5860 2622 5908 recte
2649 5848 2893 5905 credere.
2915 5842 3178 5900 uetuittrm
3202 5837 3406 5902 lallcrc,
3429 5835 3710 5905 promissa
