3998 6202
302 339 409 395 933

1500 341 1853 395 lifluTi‘LlZ
1899 342 1980 395 ΕΤ
2023 343 2400 397 ()l'UsiCliLL

3481 348 3586 404 S51

305 454 579 525 perﬁcere.
627 454 813 510 Justus
839 464 1015 510 autem
1054 456 1159 510 dux
1191 456 1299 511 eris
1321 496 1334 521 ,
1367 458 1407 510 si
1441 457 1645 526 judicio
1676 463 1890 525 sapieu-
1922 460 1970 515 Α
2001 454 2233 511 Contenti
2268 469 2421 510 estote
2454 458 2722 526 inpendiis
2752 462 2947 515 vestris.
2998 461 3141 516 Beati
3173 471 3329 516 erunt
3362 460 3588 516 milites.

300 548 434 603 tium
466 590 480 610 ,
514 565 619 602 non
652 550 992 604 sermonibus
1029 550 1367 604 adulatorum
1394 593 1407 614 ,
1442 552 1689 619 proberis
1723 561 1775 604 et
1805 566 1897 603 co-

301 638 581 707 gmscaris
613 650 1019 706 perseverantes
1059 640 1108 694 in
1150 643 1348 696 malitia
1384 643 1596 710 punire.
1628 642 1783 698 bonis
1814 643 1893 696 fa-

302 745 449 793 vere,
473 729 807 797 singulorum
831 730 1023 783 merita
1045 730 1378 795 discernere,
1402 732 1624 785 reddere
1644 733 1897 788 erunibus

303 823 503 877 debita.
556 823 857 879 Misericors
894 825 1000 879 dux
1041 829 1183 889 eris,
1229 829 1272 877 si
1309 826 1511 893 judicio
1550 828 1891 897 sapientium,

304 936 410 972 not.
441 919 783 973 sermonibus
811 919 1169 987 adulatorum,
1201 921 1441 989 pr'oberis
1472 932 1523 974 et
1553 924 1894 989 cognoscaris

303 1014 525 1083 diligere
552 1027 838 1083 pauperes,
868 1013 1174 1083 gubernare
1203 1016 1495 1081 subjectos,
1533 1015 1895 1083 indigentibus

302 1107 653 1171 ministrare,
702 1107 1100 1176 postulantibus
1139 1123 1349 1163 veniam
1401 1110 1696 1164 clementer
1745 1109 1895 1178 igno-

300 1213 497 1265 scere,
551 1198 749 1254 docere
797 1200 1114 1269 insipientes
1160 1202 1499 1269 sapientiam,
1548 1217 1802 1256 revocare
1843 1204 1893 1254 in

303 1294 520 1363 ﬂagitiis
564 1293 901 1348 arnbuLantes
936 1310 964 1347 a
1005 1294 1086 1347 via
1125 1310 1222 1348 sua
1261 1295 1398 1349 mala
1424 1334 1439 1360 ,
1492 1296 1658 1349 Deum
1706 1311 1895 1364 rogare

303 1399 400 1452 pro
430 1382 686 1447 inimicis,
726 1383 1011 1451 pacificare
1040 1383 1337 1438 discordes.
1377 1385 1593 1438 Patiens
1620 1386 1728 1439 dux
1762 1388 1891 1449 eris,

299 1476 343 1529 si
365 1473 567 1542 judicio
600 1475 939 1544 sapientium,
975 1490 1080 1529 non
1105 1475 1352 1531 laudibus
1378 1478 1741 1545 adulatorum,
1773 1496 1847 1546 pro
1868 1507 1895 1519 -

300 1567 445 1622 beris
474 1576 526 1622 et
556 1568 897 1636 cognoscatis
925 1568 1171 1622 laborare
1203 1584 1301 1637 pro
1326 1569 1641 1623 utilitatibus
1667 1570 1892 1624 aliorum

298 1658 417 1712 sine.
442 1657 808 1713 emolumento
834 1659 1161 1727 cupiditatis,
1189 1658 1409 1729 injurias
1433 1662 1537 1729 pati
1568 1676 1667 1716 nec
1690 1662 1891 1729 fatere,

300 1766 407 1805 non
439 1751 637 1807 habere
670 1751 962 1807 ulciscendi
1006 1752 1280 1809 libidinem
1308 1795 1323 1819 ,
1366 1763 1509 1808 metu
1555 1755 1893 1811 adversilatis

2004 551 2049 604 si
2080 550 2194 604 haec
2224 559 2484 619 pra-cepta
2516 552 2855 619 custodiuit;
2889 555 3040 608 beata
3075 557 3397 625 respublica,
3429 560 3473 613 si
3502 568 3583 614 ta-

2004 640 2082 695 les
2120 644 2379 695 meruerit
2418 641 2616 697 habere
2656 645 2891 711 milites;
2944 647 3131 701 beatus
3170 648 3299 711 dux,
3348 651 3401 703 in
3432 649 3587 721 cujrrs

2001 734 2242 787 exercitu
2267 732 2396 786 tales
2424 748 2544 787 esse
2569 734 2849 801 Contigerit
2881 737 3138 804 plurimos
3168 755 3181 790 :
3216 753 3582 793 verumtamen

2004 827 2121 893 plus
2149 825 2361 880 beatior
2389 826 2665 894 appareth
2701 827 2746 880 si
2788 828 2899 895 ipse
2943 829 3097 882 fuerit
3144 832 3283 894 talis,
3318 833 3586 887 neminem

1999 919 2203 973 Scilicet
2234 920 2572 982 concutiens,
2603 919 2731 973 nulli
2761 922 3078 976 calumniam
3115 923 3332 988 faciens,
3367 934 3589 979 conten-

2002 1019 2083 1062 tus
2114 1009 2398 1079 stipendiis
2436 1014 2569 1065 suis.
2618 1011 2749 1065 Nam
2800 1013 3041 1082 profecto
3088 1028 3284 1080 quanto
3333 1018 3588 1087 dignitate

2000 1104 2171 1174 major
2201 1105 2406 1170 existit,
2440 1115 2585 1159 tanto
2615 1108 2782 1176 magis
2804 1117 2857 1161 et
2886 1119 3192 1175 concutere,
3220 1118 3271 1165 et
3292 1112 3588 1167 calumnias

2000 1195 2173 1250 facere
2204 1206 2413 1265 potest,
2448 1207 2499 1249 cl
2546 1213 2647 1249 non
2680 1214 2799 1252 esse
2829 1210 3111 1253 Contentus
3144 1202 3421 1267 stipendiis
3454 1206 3583 1259 suis.

2002 1286 2133 1341 lLinc
2175 1298 2351 1342 autem
2388 1290 2703 1358 plerumque
2752 1290 2982 1343 maxime
3024 1291 3326 1347 civitatibus
3366 1293 3587 1347 afﬂictio

1999 1380 2254 1445 nascitur,
2298 1380 2424 1435 hinc
2469 1383 2801 1450 gravissirrra:
2847 1384 3192 1438 crudelitates
3220 1427 3233 1449 ,
3280 1386 3401 1438 hino.
3442 1387 3587 1441 lele

1997 1472 2201 1525 artibus
2235 1472 2367 1526 lucri
2399 1473 2665 1543 exquisita
2696 1474 3049 1542 compendia,
3089 1475 3211 1528 hinc
3241 1479 3496 1531 venalitas
3531 1477 3585 1532 irt

1995 1565 2234 1631 judiciis,
2271 1565 2394 1619 hinc
2423 1567 2667 1620 remissio
2700 1566 2751 1619 in
2780 1567 2996 1635 prtuliis,
3032 1568 3153 1621 hinc
3199 1570 3357 1623 totius
3405 1571 3585 1639 reipu-

1999 1657 2152 1711 blicae
2183 1658 2497 1725 diminutio,
2544 1659 2588 1712 si
2616 1659 2723 1715 dux
2750 1662 2973 1729 cmperit
3004 1676 3107 1715 non
3140 1677 3262 1717 esse
3300 1674 3585 1719 contentus

1996 1749 2279 1818 stipendiis
2306 1755 2438 1815 suis,
2464 1762 2512 1806 et
2534 1766 2694 1821 super
2716 1752 3077 1807 emolumenta
3108 1755 3334 1823 publica,
3361 1758 3585 1825 privatis

300 1846 608 1901 nullatenus
658 1844 875 1915 frangi,
927 1845 1203 1902 desiderio
1249 1847 1623 1915 prosperitatis
1671 1848 1892 1902 mirrinte
1929 1856 1969 1915 Β
1997 1839 2315 1908 arnplilicari
2344 1842 2640 1895 commodis
2668 1841 2922 1910 (‘UpicnS,
2959 1843 3203 1897 utilitatis
3238 1853 3439 1898 tantum
3473 1862 3583 1900 suze

298 1940 445 2008 rapi,
499 1952 847 2007 perseverare
895 1938 946 1991 in
999 1937 1081 1991 his
1130 1952 1250 2006 quae
1300 1936 1439 1992 bene
1488 1937 1887 2006 assumpseris;

296 2044 519 2100 sperare
550 2029 973 2084 misericordiam
1016 2030 1108 2083 Dei
1134 2073 1149 2097 ,
1192 2028 1403 2084 etiamsi
1461 2028 1731 2083 distulerit
1765 2033 1892 2083 sub-

297 2122 509 2187 venire;
542 2122 673 2175 nihil
702 2122 810 2177 cito
836 2122 955 2177 sine
992 2120 1220 2177 consilio
1258 2120 1464 2187 facere;
1494 2121 1750 2190 quidquid
1792 2122 1892 2174 im-

295 2223 451 2284 perat
484 2216 753 2283 superior,
786 2214 1109 2270 obedienter
1147 2214 1429 2283 excipere;
1464 2214 1721 2284 quidquid
1755 2230 1891 2283 prac-

294 2306 429 2374 ripis
458 2305 730 2372 inferiori,
759 2307 875 2361 sine
909 2307 1310 2375 perturbatione
1348 2307 1659 2376 disponere.
1704 2306 1889 2361 Conti—

297 2412 434 2452 ncns
461 2398 566 2451 dux
597 2399 707 2453 eris
732 2439 747 2466 ,
792 2397 838 2452 si
878 2398 1079 2466 judicio
1118 2399 1465 2469 sapientium,
1509 2416 1615 2453 non
1646 2400 1888 2456 laudibus

296 2490 661 2555 adulatorum,
696 2490 941 2560 proberis
973 2499 1029 2546 et
1060 2494 1410 2562 cognoscaris
1442 2506 1529 2547 res
1559 2493 1761 2547 alienas
1791 2507 1889 2546 nec

294 2579 722 2651 concupiscere,
758 2595 858 2637 nec
895 2582 1112 2638 auferte
1147 2583 1272 2637 dum
1314 2585 1526 2653 possis;
1567 2585 1699 2639 nihil
1730 2599 1889 2653 agere

301 2675 584 2741 violenter,
616 2675 751 2728 nihil
800 2674 1185 2742 fraudulenter,
1218 2675 1347 2730 nihil
1390 2677 1507 2731 sine
1541 2676 1721 2744 ruodo,
1756 2677 1887 2731 nihil

298 2780 517 2835 propter
546 2768 874 2836 voluptatem
902 2808 917 2831 ,
951 2760 1084 2821 nihil
1127 2776 1362 2836 propter.
1389 2768 1667 2822 avaritiam
1692 2810 1706 2829 ,
1757 2769 1887 2823 nihil

299 2859 525 2911 vetitum
555 2858 763 2929 legibus
790 2866 883 2912 aut
909 2857 1282 2913 consuetudini
1305 2858 1633 2913 contrarium
1657 2858 1887 2914 civitatis

296 2950 379 3004 vel
420 2952 592 3019 gentis
620 2993 633 3015 ,
674 2951 719 3005 si
753 2960 930 3006 tamen
959 2951 1073 3019 ipsa
1112 2950 1448 3007 consuetudo
1494 2966 1593 3007 nec
1640 2951 1886 3021 religioni

292 3052 474 3103 nocet,
505 3058 605 3098 nec
638 3043 794 3098 bonis
823 3044 1061 3098 nroribus
1089 3042 1451 3098 adversatur»
1480 3042 1727 3113 Alioquin
1756 3058 1887 3098 con-

291 3135 522 3191 suetudo
550 3136 689 3189 mala
715 3135 855 3190 sicut
884 3136 1103 3190 morbus
1130 3136 1399 3205 antiquus,
1435 3136 1534 3191 nisi
1563 3136 1877 3205 expellatur,

1995 1950 2176 1988 curam
2200 1943 2392 2003 gerat,
2436 1936 2663 1989 salutem
2698 1951 2822 1989 vero
2866 1936 2946 1990 vel
2979 1938 3318 1992 securitatem
3354 1938 3583 2009 negligat

1995 2025 2352 2079 subditorum.
2399 2024 2546 2079 Talis
2577 2027 2682 2079 dux
2713 2043 2820 2080 non
2854 2037 2936 2081 est
2965 2029 3106 2083 circa
3140 2030 3583 2098 mqualesmode-

1994 2134 2110 2178 stus
2141 2124 2339 2192 pariter
2368 2133 2421 2178 et
2450 2126 2659 2191 suavis,
2691 2126 2786 2180 sed
2820 2127 3087 2198 litigiosus
3115 2139 3171 2185 et
3208 2146 3431 2195 avarus;
3477 2150 3583 2188 non

1993 2227 2074 2272 cst
2104 2217 2245 2271 circa
2277 2216 2560 2272 inferiores
2602 2230 2931 2283 mansuetus,
2964 2224 3264 2279 communis
3303 2234 3357 2278 et
3388 2223 3577 2289 facilis,

1992 2309 2087 2361 sed
2118 2308 2352 2364 crudelis
2379 2351 2392 2373 ,
2436 2325 2784 2380 personarum
2812 2324 3061 2383 acceptor
3090 2326 3141 2369 et
3170 2315 3427 2372 difliciiis.
3472 2318 3581 2375 Suh

1993 2404 2101 2458 isto
2134 2402 2417 2471 disciplina
2448 2404 2675 2458 militum
2720 2404 2830 2458 cito
2880 2406 3272 2475 deterioratur;
3323 2412 3406 2464 cui
3436 2412 3578 2465 enim

1994 2488 2400 2561 provincialium
2443 2496 2610 2549 velint
2662 2495 2861 2551 milites
2894 2514 3112 2565 parcere
3137 2540 3150 2563 ,
3190 2516 3322 2569 quos
3368 2503 3435 2555 ab
3465 2504 3579 2572 ipso

1991 2584 2128 2638 duce
2160 2584 2268 2653 pati
2296 2585 2676 2655 conspexerint
2707 2584 2987 2641 fraudem?
3026 2589 3307 2655 Quomodo
3338 2597 3571 2647 contenti

1990 2688 2149 2732 erunt
2171 2677 2451 2745 stipendiis
2489 2680 2624 2746 suis,
2649 2681 2734 2749 qui
2762 2680 2951 2735 ducem
2976 2696 3133 2736 suum
3162 2684 3430 2739 nobilitari
3455 2700 3577 2740 serr-

1991 2770 2128 2823 tiunt
2153 2776 2219 2825 de
2258 2769 2599 2826 facultatibus
2629 2772 2862 2827 alienis?
2887 2774 3075 2830 Nonne
3101 2777 3313 2845 quando
3337 2776 3443 2833 dux
3474 2780 3574 2833 alir

1990 2876 2147 2931 quem
2185 2860 2448 2925 concutit,
2485 2861 2613 2931 ipsis
2640 2866 2806 2918 utitur
2840 2864 3097 2920 ministris
3131 2868 3197 2920 ad
3234 2869 3576 2924 violentiam?

1989 2953 2203 3021 quando
2240 2952 2397 3006 alicui
2429 2952 2751 3007 calumniam
2800 2954 2947 3019 facit,
2990 2972 3083 3025 per
3123 2959 3267 3027 ipsos
3303 2962 3573 3029 negotium

1989 3045 2191 3101 fraudis
2243 3048 2495 3102 exercet?
2560 3047 2875 3115 lmpcrando
2950 3065 3079 3120 ergo
3125 3051 3205 3105 eis
3263 3052 3574 3124 frequenter

1987 3136 2343 3207 iniquitatenr,
2376 3146 2723 3192 contemnere
2761 3154 2855 3192 eos
2886 3140 3055 3194 ellicit
3086 3142 3414 3211 aequitatem.
3454 3144 3573 3200 Vult

291 3228 510 3282 occidit.
545 3228 684 3282 Nihil
712 3243 843 3297 ergo
870 3230 1130 3284 adversus
1160 3229 1630 3294 consuetudinem,’
1652 3229 1746 3284 sed
1779 3229 1878 3283 bn-
1907 3228 1951 3288 C
1988 3232 2166 3299 itaque
2194 3228 2298 3284 dux
2322 3230 2539 3299 sapiens
2569 3240 2623 3284 ut
2673 3232 2741 3284 sit
2770 3231 2923 3285 miles
2948 3234 3182 3303 quietus,
3211 3237 3466 3304 pacilicus
3518 3250 3574 3294 ct.

291 3335 441 3385 nam,
464 3336 671 3390 gerere,
699 3321 867 3375 virtus
896 3330 980 3376 est
1014 3320 1383 3376 continentiae.
1422 3318 1672 3377 Profecto
1700 3330 1877 3377 autem

288 3413 337 3466 si
368 3413 652 3466 continens
682 3411 789 3466 dux
828 3412 937 3466 eris
962 3453 976 3477 ,
1019 3412 1184 3467 etiam
1219 3411 1285 3467 de
1315 3411 1507 3467 futuris
1534 3396 1642 3467 non
1670 3412 1879 3483 impru-

289 3509 428 3559 dens
466 3504 754 3559 invenieris
807 3505 1165 3572 existimator,
1217 3505 1330 3559 sive
1382 3506 1647 3575 vigilando
1697 3514 1879 3560 contra

290 3596 513 3652 insidias
569 3597 1040 3663 adversariorum,
1089 3598 1205 3651 sive
1254 3595 1472 3655 sciendo
1529 3597 1621 3665 qui
1672 3598 1881 3653 soleant

288 3700 523 3746 eventus
553 3691 715 3745 rebus
743 3689 966 3759 singulis
994 3689 1262 3759 deputari,
1298 3689 1437 3745 unde
1469 3688 1711 3744 oriantur
1735 3689 1881 3744 sedi-

289 3786 500 3850 tiones,
529 3785 671 3839 unde
716 3799 852 3839 nova
884 3785 1023 3839 bella
1073 3794 1386 3849 nascantur,
1417 3784 1558 3838 unde
1595 3782 1881 3837 dissolutio

285 3878 623 3943 severitatis,
650 3878 790 3932 unde
814 3877 1121 3946 rapinarum
1147 3876 1402 3932 damnosa
1427 3876 1661 3940 licentia,
1690 3886 1746 3930 ut
1768 3874 1881 3931 ha'c

288 3968 472 4023 omnia
504 3970 555 4023 iu
586 3969 698 4024 suis
736 3977 1006 4038 amputata
1052 3967 1324 4023 radicibus
1352 3967 1455 4023 iier
1480 3967 1881 4038 sapientissimo

287 4064 413 4119 duci
444 4063 788 4134 quietissimze
819 4061 1187 4132 dispositionis
1220 4062 1478 4131 aperiant.

362 4176 418 4231 3.
470 4177 747 4232 Audienda
786 4184 913 4231 sunt
939 4177 1101 4231 etiam
1133 4175 1355 4230 Joannis
1390 4176 1643 4245 Brptistte
1676 4175 1880 4230 fidelis-

289 4270 429 4323 sima
475 4270 675 4322 nrorrita
704 4312 718 4335 ,
762 4282 883 4336 qua.
924 4267 1121 4321 milites
1163 4267 1484 4327 audit-runt,
1536 4264 1751 4334 quando
1802 4267 1882 4319 eis

288 4361 743 4430 interrogantibus
772 4378 783 4413 :
813 4359 949 4428 Quid
979 4359 1235 4413 faciemus
1266 4367 1317 4411 et
1346 4358 1476 4411 nos?
1506 4370 1609 4411 uorr
1638 4356 1710 4409 ait
1736 4371 1751 4409 :
1782 4356 1878 4418 Ite,

285 4468 438 4507 arma
467 4454 741 4522 depon'te,
773 4452 1037 4507 bellorum
1071 4450 1235 4519 fugite
1262 4449 1573 4512 certamina,
1604 4446 1734 4500 solis
1760 4462 1881 4499 ora-

288 4548 524 4603 tionibus
554 4556 828 4610 vacantes,
857 4544 1197 4614 imperatoris
1226 4550 1487 4609 pra-cepta
1514 4539 1840 4593 centernnite
1859 4581 1872 4603 ,

285 4641 385 4697 sed
435 4641 537 4695 alia
588 4642 833 4711 quaedam
887 4639 1165 4710 preposuit
1213 4634 1548 4692 obScrvanda
1578 4675 1591 4697 ,
1639 4633 1873 4687 dicens:

291 4737 565 4790 Neminem
595 4737 896 4791 concutiatis
920 4780 934 4805 ,
977 4734 1108 4789 nulli
1138 4734 1443 4788 calumniam
1477 4732 1678 4802 faciatis
1703 4771 1717 4794 ,
1751 4746 1877 4783 con-

288 4827 412 4882 tenti
442 4836 599 4881 estote
628 4828 899 4897 stipendiis
928 4827 1104 4881 vestris
1136 4826 1288 4895 (Luc.
1322 4839 1396 4887 nt,
1427 4822 1540 4893 H).
1581 4824 1881 4875 Concutere

289 4936 418 4975 vero
447 4929 531 4975 est
562 4932 746 4990 aperte
778 4919 952 4975 facere
980 4920 1312 4979 violentiam.
1346 4915 1687 4979 calumniari,
1719 4928 1882 4967 occa-

288 5014 498 5067 sionem
533 5012 763 5066 nocendi
813 5012 1107 5081 requirere.
1155 5010 1417 5077 Quoniam
1465 5010 1553 5077 qui
1601 5006 1882 5075 stipendiis

287 5104 404 5158 suis
452 5104 683 5158 noluerit
730 5118 852 5159 esse
900 5114 1217 5167 contentus,
1263 5113 1352 5156 aut
1395 5100 1542 5157 frena
1584 5101 1880 5169 disciplina:

288 5198 453 5251 simul
506 5194 817 5266 disrumpit,
860 5207 949 5251 aut
997 5196 1301 5252 temerariis
1348 5196 1659 5250 excessibus
1708 5196 1879 5249 al'ena

285 5289 475 5358 diripit
532 5290 628 5359 (et
675 5290 777 5344 hoc
828 5289 1118 5359 prohibens
1167 5298 1383 5342 sanctus
1422 5289 1659 5343 learmes
1697 5286 1877 5339 dixit:

288 5380 567 5436 Neminem
598 5380 1001 5450 concusseritis),
1045 5391 1132 5434 aut
1162 5381 1376 5449 requirit
1406 5394 1596 5433 causas
1625 5378 1878 5432 offensio-

287 5475 376 5529 nis
404 5484 463 5527 ut
492 5472 595 5529 sub
619 5474 800 5544 aliquo
831 5474 1049 5545 justitize
1094 5474 1273 5527 coiere
1317 5481 1516 5527 terreat
1544 5470 1877 5533 innocentes,

286 5574 451 5635 atque
479 5566 717 5619 avaritiae
748 5581 860 5620 sua:
883 5607 897 5629 ,
932 5564 1017 5618 vel
1050 5565 1224 5633 potius
1265 5562 1544 5632 rapacitati
1577 5562 1886 5617 satisfacere

287 5665 448 5728 cogat
469 5656 705 5724 invitos;
731 5659 871 5728 quod
900 5658 1192 5728 prohibens
1214 5665 1430 5711 sanctus
1456 5655 1688 5710 Joannes
1712 5652 1844 5704 riixit
1871 5669 1881 5679 ·

294 5746 449 5802 Nulli
480 5750 791 5806 calumniam
832 5752 1078 5821 feceritis.
1127 5750 1193 5804 Et
1237 5758 1441 5803 remota
1476 5749 1630 5815 hujus
1660 5745 1752 5812 du;
1776 5746 1888 5799 llr-is

289 5839 513 5898 malitiae
535 5843 906 5914 perversitate,
930 5842 1055 5912 quid
1080 5840 1411 5912 sequendum
1443 5839 1628 5894 luisset
1654 5837 1845 5907 adjlcit
1870 5856 1880 5889 :

1983 3321 2270 3376 ευὺύίιριδῖ
2306 3321 2375 3376 sit
2402 3322 2516 3390 ipse
2539 3321 2737 3391 justus,
2771 3324 3100 3391 misericors,
3131 3336 3482 3398 temperatus,
3518 3339 3573 3387 et

1986 3417 2039 3467 in
2070 3427 2165 3467 sua
2190 3412 2655 3468 administratione
2684 3430 2790 3467 non
2825 3430 3061 3483 prasesse
3087 3418 3292 3490 diligat,
3324 3421 3417 3475 sed
3450 3438 3573 3489 pro-

1984 3506 2159 3561 desse.
2206 3506 2448 3562 imitetur
2489 3509 2643 3564 hortis
2693 3512 2903 3565 actibus
2959 3512 3305 3581 Samuelem;
3356 3531 3574 3586 compa-

1984 3610 2066 3653 rct
2094 3597 2195 3652 sibi
2224 3600 2445 3654 liberam
2490 3598 2739 3656 fiduciam
2781 3606 3099 3660 verecunda:
3144 3618 3197 3662 et
3234 3607 3477 3665 honestae
3507 3612 3568 3663 lr-

1986 3690 2227 3755 bertatis,
2274 3700 2332 3746 ut
2381 3691 2613 3761 ingenua
2667 3692 2843 3748 fronte
2892 3695 3074 3751 dicere
3104 3697 3280 3753 valeat
3318 3684 3573 3771 subjectis

1984 3785 2109 3851 sibi,
2142 3784 2279 3839 sicut
2309 3783 2446 3839 dixit
2476 3786 2726 3841 Samuel:
2762 3785 2894 3841 Ecce
2918 3788 3099 3842 adsunt
3119 3805 3243 3861 ego;
3270 3793 3573 3861 respondete

1985 3894 2164 3941 contra
2192 3901 2271 3940 me
2302 3887 2354 3940 in
2377 3893 2651 3954 conspectu
2686 3884 2916 3952 Domini,
2944 3898 2990 3942 et
3019 3888 3073 3942 in
3097 3900 3367 3960 conspectu
3396 3890 3572 3946 Christi

1982 3983 2125 4053 ejus;
2184 3981 2227 4035 si
2274 3982 2493 4035 vitulum
2544 3981 2767 4051 alicujus
2816 3978 2933 4047 tuli,
2982 3988 3072 4032 aut
3108 3980 3310 4033 asinum
3350 3981 3574 4057 alicujus

1985 4076 2100 4140 tuli,
2131 4084 2221 4127 aut
2250 4075 2407 4127 alicui
2448 4083 2661 4126 vestrum
2704 4088 2794 4142 per
2834 4072 3115 4143 potentiam
3156 4074 3329 4140 nocui,
3363 4083 3451 4126 aut
3478 4076 3574 4127 ali-

1984 4185 2131 4240 quem
2159 4169 2413 4240 Oppressi,
2446 4183 2531 4221 aut
2554 4170 2615 4219 de
2648 4183 2802 4221 manu
2826 4165 3049 4238 alicujus
3074 4166 3248 4235 occepi
3275 4182 3371 4234 pro
3397 4183 3574 4222 exora-

1986 4266 2120 4319 tione
2150 4266 2226 4317 vel
2273 4264 2687 4317 calciamentum.
2730 4258 3052 4330 Respondete
3092 4261 3359 4313 adversum
3386 4277 3484 4325 me,
3527 4271 3573 4315 et

1985 4360 2200 4413 reddunt
2250 4358 2387 4411 vobis
2426 4355 2479 4429 (1
2529 4356 2657 4425 Reg.
2707 4371 2802 4421 χιι,
2841 4354 2897 4421 2,
2929 4353 3007 4425 5).
3065 4354 3127 4409 Et
3186 4354 3571 4423 respondeatur

1984 4452 2144 4506 etiam
2175 4450 2222 4504 ei
2245 4449 2387 4520 quod
2420 4450 2671 4504 dixerunt
2700 4449 2765 4502 ad
2797 4447 3018 4503 Samuel
3052 4465 3063 4499 :
3098 4446 3308 4502 Nemini
3338 4456 3571 4501 nostrum

1989 4550 2231 4611 nocuisti,
2288 4565 2376 4601 nec
2414 4564 2506 4617 per
2544 4550 2820 4618 potentiam
2865 4547 3087 4612 aliquem
3126 4546 3445 4617 oppressisti.
3484 4561 3573 4600 nec

1985 4641 2280 4712 confregisti
2310 4657 2422 4703 nos,
2457 4655 2613 4707 neque
2642 4639 2884 4706 accepisti
2912 4637 3107 4703 aliquid
3139 4638 3202 4691 de
3226 4640 3460 4691 manibus
3481 4655 3573 4692 no-

1984 4738 2105 4790 stris
2140 4733 2329 4804 (lbid.,
2360 4734 2440 4803 4).
2469 4734 2513 4788 Ο
2559 4748 2717 4803 quam
2755 4734 3026 4803 gloriosus
3068 4733 3175 4788 dux
3203 4733 3306 4787 erit
3340 4742 3470 4788 ante
3500 4733 3572 4787 fa-

1986 4830 2121 4883 ciem
2155 4828 2430 4897 principis,
2461 4828 2548 4897 qui
2582 4828 2680 4881 ista
2717 4827 2904 4882 audire
2934 4826 3229 4881 meruerit!
3263 4827 3572 4895 magnifica-

1988 4922 2120 4977 bunl
2167 4937 2287 4976 eum
2331 4936 2605 4990 proceres,
2647 4921 2968 4975 benedicent
3021 4919 3271 4983 huuriles,
3320 4928 3571 4986 sequetur

1989 5016 2135 5080 illum
2166 5014 2299 5068 fama
2331 5013 2533 5068 divitiis
2554 5012 2809 5068 omnibus
2841 5011 3052 5066 melior.
3090 5008 3311 5061 Dabitur
3339 5007 3409 5071 ei,
3434 5008 3569 5063 sient

1990 5109 2245 5176 scriptum
2289 5117 2391 5173 est,
2426 5108 2543 5175 ﬁdei
2584 5107 2771 5159 donum
2799 5104 3031 5169 electum,
3064 5113 3111 5155 et
3137 5117 3247 5154 sors
3289 5100 3344 5155 in
3382 5104 3569 5169 templo

1992 5199 2087 5254 Dei
2137 5200 2408 5267 placidior,
2441 5199 2684 5251 bonoruvn
2726 5197 2956 5249 laborum
2998 5194 3193 5259 fructus
3236 5193 3381 5247 bona:
3418 5196 3570 5263 {antra

1993 5292 2147 5361 (Sap.
2192 5307 2268 5357 nr,
2306 5289 2416 5360 lt).
2451 5290 2517 5343 Et
2545 5290 2590 5340 si
2641 5287 2862 5341 forsitan
2894 5294 3258 5349 removeatur,
3290 5294 3384 5339 aut
3425 5300 3566 5339 retu-

1990 5384 2253 5451 publicam
2306 5396 2410 5433 non
2467 5379 2845 5433 administrare
2901 5378 3176 5446 jrtbeatur,
3228 5378 3469 5432 manebit
3516 5388 3570 5430 et

1992 5473 2323 5539 permanebit
2379 5473 2431 5525 in
2475 5472 2717 5524 omnium
2767 5470 3059 5525 dilectione
3108 5470 3258 5539 quasi
3309 5485 3570 5539 praesens.

1986 5565 2237 5632 Quisquis
2267 5574 2445 5619 autem
2490 5566 2813 5619 successerit
2841 5564 2914 5630 ei,
2950 5580 3054 5618 non
3098 5566 3238 5633 quod
3279 5567 3569 5633 reprehen-

1986 5660 2097 5719 rlal,
2126 5655 2220 5709 sed
2244 5656 2386 5724 quod
2422 5656 2647 5709 tniretur
2675 5656 2932 5711 inveniet.
2967 5657 3021 5713 Si
3049 5668 3222 5711 tamen
3257 5658 3421 5725 magis
3446 5672 3567 5724 pro-

1986 5752 2145 5804 desse
2192 5748 2402 5818 diligat,
2445 5763 2603 5815 quam
2640 5765 2895 5818 pra-ese.
2931 5750 3089 5821 Multi
3125 5751 3266 5803 enim
3308 5757 3566 5819 prtcsunt,

1987 5842 2078 5898 sed
2118 5840 2337 5895 omnino
2371 5840 2522 5908 pauci
2578 5855 2798 5909 prosunt
2844 5843 2920 5899 eis
2955 5824 3163 5910 pluralis
3193 5841 3385 5907 quibus
3428 5853 3562 5902 prat-
