4012 6194
429 364 534 421 935

1360 360 1727 417 FULGENTH
1769 359 2117 414 FERRANDI
2162 355 2434 412 DlACONl
2475 351 2821 408 C.\li'l‘llAG.

3597 342 3704 394 936

431 484 575 535 sunt.
624 471 876 542 Quisquis
922 470 1139 541 privatis
1184 470 1477 526 honoribus
1527 471 1715 535 inhiat,
1764 470 2017 539 despecta
2048 475 2093 529 Α
2125 484 2184 523 se
2214 483 2387 538 neque
2428 466 2497 521 ab
2526 466 2631 520 alio
2658 464 2786 519 sinit
2814 464 3117 533 quempiam
3155 460 3300 516 lredi.
3331 460 3517 516 Potest
3551 459 3708 529 plane

428 569 658 623 utilitate
693 564 1077 635 subiectorum,
1122 564 1291 632 magis
1324 578 1556 632 prmesse
1603 563 1808 631 appetit
1856 576 2015 629 quam

430 661 708 729 prodesse.
732 657 880 712 ‘l‘alis
923 666 1100 712 autem
1134 658 1239 711 dux
1274 657 1478 711 inutilis
1505 666 1609 721 est,
1642 667 1695 710 et
1739 656 1966 724 iniustus
1999 670 2011 705 :

430 767 530 809 nec
557 765 745 822 regere
783 758 959 819 potest
999 757 1228 805 stantem
1272 750 1676 820 rempublicam,
1711 762 1811 803 nec
1852 760 2021 817 repa-

432 856 554 898 rare
581 842 901 911 collapsam.

522 954 703 1005 Tum
726 968 928 1006 uacuas.
956 956 1066 1005 Non
1090 964 1297 1016 prmesse
1320 959 1534 1016 appetas,
1562 952 1649 1004 sed
1674 951 1921 1016 prodesse.

506 1060 556 1113 7.
602 1058 782 1113 Tertia
819 1073 948 1129 ergo
988 1066 1073 1113 est
1104 1058 1283 1128 regula
1326 1058 1643 1113 innocentiae
1684 1059 1889 1112 actibus
1919 1057 2019 1111 mi-

431 1149 679 1205 litaribus
714 1158 999 1218 occupato,
1046 1151 1091 1204 si
1140 1151 1261 1205 ideo
1307 1152 1514 1218 praesis,
1555 1160 1614 1204 ut
1639 1149 1835 1219 prosis.
1884 1149 2017 1203 Pro-

430 1242 591 1297 desse
618 1251 795 1296 autem
828 1241 1118 1309 videberis,
1162 1241 1207 1294 si
1250 1248 1459 1310 tempus
1501 1253 1556 1295 et
1584 1242 1760 1296 locum
1796 1252 1898 1296 ture
1922 1243 2019 1296 ad-

432 1333 841 1389 ministrationis
870 1332 1160 1403 intelligas.
1194 1333 1259 1388 Et
1287 1342 1497 1401 tempus
1526 1334 1740 1405 quidem
1773 1333 2018 1389 conside-

433 1424 614 1487 rabis,
674 1424 801 1477 dum
847 1423 1075 1490 sapienti
1130 1425 1455 1479 discretione
1496 1424 1792 1494 perpendes
1839 1435 2017 1479 utrum

434 1516 713 1586 paciﬁcum
741 1516 830 1581 sit,
857 1530 921 1569 an
952 1516 1268 1569 tumultibus
1291 1515 1494 1570 bellicis
1516 1517 1833 1586 inquietum.
1861 1515 2020 1584 Saepe

435 1610 577 1663 enim
601 1609 743 1678 quod
776 1611 827 1662 in
877 1609 1022 1677 pacis
1051 1609 1164 1664 otio
1194 1608 1392 1664 vindex
1421 1610 1705 1678 disciplina
1748 1611 2022 1679 persequi-

437 1714 543 1767 tur,
589 1703 727 1757 inter
756 1702 938 1755 turbas
983 1713 1035 1757 et
1062 1702 1269 1771 gladios
1309 1714 1461 1757 cauta
1510 1704 1703 1758 tolerat
1746 1706 2018 1772 patirntia.

436 1793 636 1847 Locum
679 1809 804 1847 vero
850 1803 996 1848 recte
1038 1794 1424 1861 considerabis,
1469 1805 1645 1849 utrum
1698 1797 1894 1851 sterilis
1946 1813 2012 1851 an

438 1884 664 1949 fertilis;
699 1896 875 1938 utrum
905 1885 1191 1939 nutriendo
1220 1887 1475 1941 exercitui
1500 1886 1797 1953 sufficiens,
1827 1904 1893 1941 an
1925 1890 2019 1941 mi-

437 1991 538 2030 nus
564 1976 819 2043 idoneus;
851 1985 1031 2030 utrum
1061 1976 1334 2031 desolatus
1362 1986 1416 2030 et
1460 1978 1711 2044 incultus,
1737 1993 1805 2030 an
1838 1979 2023 2031 incon-

438 2083 628 2122 cussus
665 2078 719 2123 et
739 2067 1026 2138 diligenter
1050 2078 1303 2139 appareat
1344 2079 1613 2126 exaratus.
1637 2072 1855 2139 Quoties
1880 2074 2023 2126 enim

439 2159 777 2226 reparatione
832 2160 1030 2228 indiget
1086 2163 1267 2218 locus.
1324 2161 1411 2215 ubi
1467 2162 1771 2230 gubernare
1829 2164 2025 2217 videris

439 2254 753 2317 exercitum,
801 2253 1195 2306 contemnenda
1225 2262 1350 2306 sunt
1390 2254 1568 2307 omnia
1613 2255 1755 2309 lucra
1800 2255 2023 2323 privata,

441 2346 597 2398 etiam
627 2361 744 2413 quae
768 2346 866 2399 sibi
890 2346 1220 2400 consuetudo
1242 2345 1351 2415 jam
1377 2346 1545 2400 libere
1572 2349 1831 2408 vndicat;
1860 2357 1914 2402 et
1939 2363 2027 2403 sc-

442 2438 682 2491 veritatis
712 2440 871 2507 paulo
897 2440 1121 2510 rigidior
1152 2441 1496 2510 temperanda
1529 2457 1780 2496 censura.
1822 2442 2026 2497 Prastcr

442 2527 562 2583 haec
587 2545 800 2599 quoque
821 2531 1028 2586 duobus
1059 2532 1230 2588 modis
1257 2534 1511 2602 prodesse
1543 2534 1827 2600 videberis,
1859 2536 1901 2588 si
1935 2550 2029 2590 ne-

444 2622 647 2679 minem
678 2623 867 2689 laedas,
904 2634 959 2679 et
986 2625 1105 2679 illos
1135 2627 1227 2696 qui
1269 2628 1445 2681 solent
1501 2638 1591 2680 aut
1624 2628 1806 2682 volunt
1836 2629 2031 2684 laedere

448 2713 736 2782 prohibeas
759 2724 1014 2783 quantum
1051 2731 1223 2782 pozes,
1256 2716 1364 2772 imo
1391 2727 1643 2787 quantum
1674 2734 1830 2789 pos>e
1860 2718 2031 2772 dona-

445 2808 582 2862 verit
622 2808 885 2861 Christus.
929 2809 1080 2863 Tuuc
1112 2821 1288 2864 autem
1323 2810 1428 2863 dux
1478 2812 1714 2883 Optimus
1763 2812 2032 2866 neminem

445 2901 626 2968 lmdet,
659 2901 701 2954 si
732 2902 782 2954 in
824 2901 968 2956 omni
1004 2904 1255 2970 praeterio
1303 2903 1442 2957 illius
1472 2921 1574 2957 non
1607 2904 1802 2959 audeat
1841 2905 2034 2975 aliquis

450 2991 677 3055 amicus,
708 2990 893 3049 cliens.
927 2990 1187 3054 medicus,
1217 2993 1471 3063 armiger,
1506 3007 1590 3049 aut
1621 3007 1839 3065 propter
1870 2995 2035 3052 officii

447 3082 642 3153 publici
686 3082 1031 3138 dev0ti.mem
1072 3084 1224 3139 lateri
1282 3086 1439 3140 ducis
1486 3101 1699 3154 semper
1729 3087 2029 3158 adjunctus,

449 3186 701 3228 concessa
745 3172 1001 3228 beneficia
1037 3175 1292 3230 vendere.
1327 3176 1464 3242 Quid
1496 3177 1638 3231 enim
1692 3178 1918 3234 miseros
1948 3180 2033 3249 ju-

448 3273 552 3332 vat,
606 3266 650 3319 si
695 3266 802 3319 dux
844 3266 1093 3320 exhibeat
1150 3267 1533 3321 continentiam
1581 3267 1703 3323 boni
1752 3268 1929 3335 ducis,
1980 3279 2033 3324 et

450 3358 583 3411 alios
611 3357 713 3411 sibi
744 3359 809 3410 de
838 3366 1100 3425 potestate
1132 3357 1278 3411 illius
1306 3358 1642 3412 occasionem
1676 3359 1834 3414 faciat
1862 3363 2038 3415 avari-

452 3450 539 3502 tia:
584 3448 886 3502 satiandre?
936 3449 1095 3501 Tales
1150 3448 1341 3503 habent
1391 3450 1563 3503 socios
1593 3460 1687 3503 aut
1736 3451 2034 3519 ministros,

454 3542 663 3609 qualem
695 3555 753 3594 se
774 3555 895 3595 esse
926 3541 1123 3595 debere
1150 3541 1438 3611 evgnoscit.
1475 3541 1725 3612 Quisquis
1748 3544 1892 3598 enim
1915 3545 2037 3600 duci

457 3632 792 3687 familiariter
821 3633 1064 3697 inltmret,
1098 3636 1183 3688 cui
1215 3634 1375 3689 multa
1421 3636 1760 3705 exsequenda
1793 3638 2039 3692 commit—

455 3726 539 3792 tit,
573 3738 761 3777 manus
803 3733 885 3778 est
935 3725 1124 3791 ducis;
1170 3735 1225 3780 et
1265 3727 1456 3780 merito
1486 3727 1745 3798 quidquid
1780 3728 1855 3782 illi
1901 3731 2041 3785 acci-

458 3815 631 3885 piunt,
666 3815 730 3868 ad
764 3816 912 3869 illum
944 3817 1060 3871 sine
1091 3816 1249 3871 dubio
1282 3818 1517 3873 creditur
1549 3822 1876 3889 pertransire
1905 3839 1916 3874 :
1942 3838 2042 3877 nec

459 3915 639 3975 potest
676 3922 796 3962 esse
823 3907 974 3961 ducis
1022 3908 1210 3978 optimi
1241 3908 1377 3963 fama
1410 3911 1573 3976 bona,
1604 3912 1817 3981 quando
1846 3913 2045 3969 fuerint

457 3998 755 4053 ministeria
787 3999 946 4053 mala.
987 3998 1213 4069 Deinde,
1249 4002 1515 4070 quomodo
1560 4005 1817 4072 corripiet
1861 4015 2043 4059 extra-

457 4105 610 4157 neos,
643 4091 744 4146 nisi
778 4092 1023 4160 primitus
1056 4096 1351 4149 correxerit
1398 4097 1563 4149 suos?
1590 4096 1719 4162 Quis
1756 4097 1958 4153 dubitet
1989 4099 2041 4152 in

455 4184 696 4237 exercitu
739 4186 1061 4239 constitutos
1090 4186 1298 4241 facilius
1349 4188 1414 4241 ad
1458 4189 1838 4243 committenda
1874 4191 2045 4259 prosi—

460 4273 565 4328 lire
595 4274 851 4340 facinora,
895 4276 937 4328 si
983 4275 1205 4331 viderint
1238 4279 1551 4331 assistentes
1587 4279 1707 4333 duci
1736 4294 2046 4349 perpe'rare

456 4364 707 4421 licentius
754 4367 1062 4421 deteriora?
1110 4367 1266 4424 facile
1321 4380 1497 4425 antem
1565 4373 1836 4429 custodiet
1885 4390 2047 4432 omne

458 4455 666 4523 vulgus,
710 4456 955 4522 quamvis
1003 4459 1243 4513 indomiti
1292 4464 1579 4529 exercitus,
1622 4465 1762 4534 quod
1802 4466 2049 4523 homines

459 4546 584 4600 duci
612 4546 765 4602 valde
789 4548 1076 4603 familiares
1100 4554 1447 4608 servaverint.
1472 4555 1667 4611 Caveat
1695 4572 1823 4627 ergo
1848 4568 1900 4613 et
1928 4559 2047 4613 dili-

457 4647 651 4708 genter
679 4649 885 4706 caveat,
914 4656 982 4694 ne
1011 4642 1130 4711 quis
1153 4643 1425 4699 hominum
1454 4662 1669 4702 suorum
1702 4650 1914 4705 miseris
1943 4667 2043 4704 no-

462 4737 614 4792 ceat;
644 4737 701 4783 et
727 4730 855 4784 dum
885 4747 945 4786 se
976 4732 1173 4787 bonum
1216 4744 1382 4802 putat,
1414 4740 1587 4791 malus
1634 4751 1850 4809 propter
1879 4745 2045 4797 malos

462 4827 720 4888 putetur;
753 4822 945 4890 quibus
975 4834 1067 4877 aut
1099 4825 1281 4880 favere
1302 4827 1560 4885 dicendus
1586 4842 1670 4883 est
1702 4842 1791 4885 aut
1819 4846 2045 4887 consen-

464 4911 588 4976 tire,
639 4912 853 4980 quando
883 4915 999 4983 ipso
1049 4927 1317 4984 praesente
1360 4920 1482 4972 talia
1529 4921 1816 4985 gesserint,
1870 4925 2045 4993 qualia

453 5006 620 5059 etiam
664 5008 707 5060 si
757 5007 871 5078 ipse
913 5023 1019 5061 non
1050 5018 1221 5079 geret,
1269 5025 1372 5065 non
1424 5013 1618 5069 habere
1649 5016 1915 5078 credetur,
1951 5018 2044 5075 sed

456 5096 664 5166 fingere
696 5099 1013 5154 bonitatem.
1047 5101 1159 5154 Non
1194 5114 1367 5170 potest
1407 5107 1620 5173 sapiens
1646 5107 1749 5159 dux
1791 5111 2045 5164 excusari

463 5192 532 5243 de
561 5189 883 5260 ignorantia,
916 5195 1129 5262 quoties
1159 5194 1384 5249 forsitan
1430 5198 1625 5251 dixerit
1653 5213 1667 5251 :
1695 5199 1805 5268 Ego
1842 5202 2045 5267 nescio,

459 5295 571 5334 non
619 5284 819 5347 audivi,
870 5286 1070 5341 nullius
1123 5286 1188 5342 ad
1244 5304 1331 5343 me
1377 5290 1592 5359 querela
1645 5295 1909 5360 pervenit.
1951 5294 2051 5349 Per

462 5372 643 5439 ipsum
673 5387 905 5443 namque
936 5378 1061 5446 qttid
1094 5390 1284 5449 agatur
1328 5394 1357 5433 a
1386 5380 1520 5444 suis,
1570 5392 1784 5449 oportet
1812 5384 2005 5453 inquiri
2031 5401 2046 5451 ;

461 5465 592 5532 quia
622 5480 783 5518 nemo
816 5483 908 5521 eos
946 5472 1106 5526 audet
1145 5474 1373 5537 publicis
1417 5474 1932 5543 interpellationibus
1958 5494 2046 5533 ae-

458 5570 676 5625 cusare,
701 5575 929 5629 quorum
964 5565 1241 5619 violentias
1264 5566 1353 5621 alii
1392 5570 1599 5634 timent,
1628 5570 1716 5623 alii
1749 5572 2043 5639 patiuntur.

464 5647 585 5699 Dux
611 5662 740 5716 ergo
768 5665 1128 5717 perscrutator
1149 5658 1444 5715 acerrimus
1466 5661 1602 5715 effici
1633 5662 1932 5716 nullatenus
1954 5663 2051 5718 du-

463 5738 619 5807 bitet,
660 5745 746 5798 cui
785 5761 849 5799 ex
891 5746 989 5801 hac
1027 5748 1297 5819 diligentia
1347 5755 1572 5822 publica!
1610 5759 1912 5813 severitatis
1953 5776 2048 5813 na-

467 5841 650 5889 scatur
672 5826 971 5917 auctoritas
992 5855 1010 5910 ξ,
1046 5847 1101 5892 ut
1130 5841 1345 5897 omnino
1378 5848 1563 5910 prosit,
1589 5849 1802 5914 quando
1827 5864 1997 5912 neque
2020 5867 2049 5906 a

2123 576 2217 630 per
2241 554 2378 616 hanc
2405 558 2739 630 diligentiam
2769 558 2849 613 sic
2873 556 3156 625 acquirere
3180 554 3375 611 famam
3404 554 3627 619 bonam,
3655 561 3727 609 ur

2117 655 2279 710 etiam
2312 655 2357 708 si
2386 668 2617 723 persona
2645 651 2889 720 superior
2930 649 3127 704 liedere
3157 648 3390 702 voluerit
3434 646 3709 710 subditos.

2119 747 2285 802 libera
2316 744 2704 800 intercessione
2746 740 3067 805 subveniat;
3106 748 3163 794 et
3189 738 3516 809 parcendum
3557 737 3713 793 facile

2122 838 2463 909 persuadeat.
2490 837 2685 907 quibus
2722 838 2832 904 ipse
2865 834 3037 905 primo
3067 833 3394 903 pepercerit.

2190 932 2244 987 8.
2288 929 2516 985 Pulchre
2549 937 2726 984 autem
2772 940 2875 983 nos
2910 926 2994 980 vis
3040 925 3418 995 disputationis
3455 923 3525 979 ad
3564 923 3712 979 bene

2120 1022 2297 1077 locum
2322 1021 2568 1087 deduxit,
2609 1019 2700 1075 ubi
2722 1015 3087 1074 necessarium
3124 1015 3281 1071 bonis
3307 1015 3537 1072 ducibus
3559 1015 3713 1071 dice-

2119 1128 2323 1179 remus,
2356 1114 2521 1168 etiam
2549 1110 2884 1182 suggerendo
2910 1108 3265 1179 principibus,
3298 1108 3558 1177 prodesse
3588 1108 3711 1162 sub-
3774 1094 3779 1101 ’

2116 1205 2295 1274 jectis.
2345 1203 2603 1258 Novimus
2628 1202 2773 1256 enim
2806 1201 3087 1271 plurimos,
3119 1210 3177 1255 ut
3212 1200 3459 1271 placeant
3483 1200 3706 1269 potiori-

2121 1298 2243 1364 bus,
2280 1298 2461 1351 minus
2516 1296 2803 1350 consulere
2851 1293 3215 1349 inferioribus.
3267 1292 3348 1347 Ex
3381 1308 3570 1348 eorum
3609 1311 3710 1348 nu-

2123 1404 2271 1443 mero
2301 1402 2421 1443 esse
2449 1388 2682 1441 arbitror
2711 1386 2800 1455 qui
2845 1384 3135 1454 provincia
3174 1384 3264 1441 ubi
3310 1385 3709 1452 administrant,

2125 1479 2471 1550 indigentiam
2503 1478 2624 1533 sive
2650 1477 3030 1531 trilmlationea
3057 1475 3307 1541 celando,
3337 1475 3547 1531 salvum
3578 1494 3712 1532 nun-

2127 1573 2264 1625 tiant
2296 1585 2611 1640 permanere
2640 1569 2900 1639 quidquid
2932 1567 3200 1638 aspiciunt
3225 1569 3452 1637 lapsum,
3475 1569 3703 1638 gloriam

2123 1680 2276 1719 suam
2320 1673 2569 1733 putantes
2596 1666 2639 1718 si
2682 1664 3008 1718 mentiantur
3034 1672 3181 1716 stare
3206 1662 3345 1731 quod
3380 1671 3574 1716 norunt
3604 1678 3701 1730 pe-

2131 1758 2307 1813 rilsse.
2337 1756 2611 1827 Coguntur
2641 1772 2769 1811 vero
2799 1766 2858 1810 ut
2900 1755 3081 1810 verbis
3126 1754 3384 1823 improbis
3424 1755 3713 1809 credulita-

2053 1858 2101 1918 Β
2130 1861 2234 1905 tem
2276 1859 2614 1918 comparent,
2665 1847 3022 1917 multiplicare
3058 1848 3377 1903 miserorum
3418 1847 3714 1915 provincia-

2130 1944 2259 1997 lium
2312 1942 2540 2005 damna;
2592 1935 2686 2009 per
2733 1956 2850 2010 qum.
2887 1940 3166 1994 videantur
3210 1940 3364 2006 quasi
3405 1938 3581 2004 lucra,
3616 1940 3713 1992 sed

2129 2032 2343 2087 inimica
2384 2047 2603 2102 prorsus
2658 2032 3007 2101 reipublica,
3071 2031 3328 2100 piissimis
3380 2031 3713 2101 principibus

2132 2125 2443 2193 providere,
2490 2125 2884 2193 reparationem
2931 2124 3110 2192 potius
3138 2124 3374 2192 regionis
3416 2123 3712 2191 impediet»

2133 2225 2233 2269 tes.
2257 2216 2324 2268 Et
2355 2214 2441 2268 ubi
2464 2229 2728 2283 apparere
2758 2214 2996 2282 gestiunt
3019 2213 3204 2282 utiles,
3241 2214 3313 2270 ibi
3342 2224 3469 2268 sunt
3500 2228 3717 2281 prorsus

2139 2307 2381 2361 inutiles.
2413 2307 2744 2377 imponendo
2773 2308 2915 2361 enim
2953 2308 3196 2377 graviora
3239 2320 3429 2370 onera,
3476 2319 3717 2359 succum-

2133 2400 2261 2454 bere
2286 2399 2490 2453 faciunt
2534 2399 2761 2469 populos
2800 2399 3076 2468 fatigatos;
3123 2413 3224 2455 nec
3272 2399 3584 2467 relinquunt
3610 2412 3718 2450 auc-

2133 2492 2441 2547 cessoribus
2490 2494 2602 2547 suis
2644 2500 2841 2562 prazter
2869 2494 3042 2546 luctus
3087 2500 3144 2546 et
3189 2492 3473 2561 lacrymas.
3506 2492 3643 2543 Nolo
3672 2501 3719 2545 te

2134 2586 2252 2641 istis
2307 2585 2540 2641 similem
2592 2586 2839 2656 reperiri.
2902 2586 2958 2641 Si
3024 2586 3285 2654 prodesse
3344 2584 3559 2653 diligis,
3617 2599 3719 2636 non

2136 2692 2397 2747 praeesse,
2432 2688 2628 2747 pratsta
2654 2679 2855 2747 aliquid
2884 2678 3099 2748 dignum
3144 2678 3425 2745 memoria,
3467 2677 3611 2747 quod
3644 2690 3722 2730 re-

2134 2771 2387 2826 cordetur
2415 2773 2723 2840 posteritas,
2768 2782 2821 2827 et
2852 2781 3153 2841 temporum
3196 2782 3409 2826 tuorum
3449 2771 3592 2825 nulla
3627 2787 3722 2824 na-

2134 2876 2319 2920 scatur
2356 2865 2577 2920 oblivin.
2628 2866 2698 2918 Da
2732 2879 2951 2935 operam
2994 2864 3190 2918 divites
3239 2864 3545 2931 relinquere
3589 2877 3722 2932 quos

2137 2960 2411 3015 inveneris
2438 2974 2717 3029 pauperes,
2747 2958 3125 3013 abundantiam
3153 2958 3434 3026 providere
3451 2958 3538 3010 ubi
3561 2958 3721 3012 etiam

2138 3065 2193 3109 ιιι
2225 3054 2501 3125 penuriam
2550 3052 2848 3135 pgtuiisti;
2892 3062 2946 3106 et
2988 3054 3032 3106 si
3064 3052 3279 3121 quidem
3327 3051 3523 3105 sufficit
3556 3053 3724 3104 virtus

2141 3157 2252 3211 tua,
2286 3146 2610 3216 provinciam
2642 3147 2761 3201 sine
2784 3145 3032 3199 tarditate
3064 3155 3340 3209 restaura;
3374 3142 3423 3197 si
3451 3157 3581 3196 vero
3605 3142 3726 3210 piis-

2062 3232 2107 3293 C
2139 3240 2263 3294 simi
2289 3240 2468 3309 operis
2498 3240 2639 3293 inest
2662 3238 2929 3303 voluntas,
2958 3236 3108 3291 deest
3157 3235 3406 3298 facultas,
3445 3234 3597 3290 defer
3628 3234 3728 3288 hoc

2139 3332 2205 3388 ad
2228 3333 2610 3387 conscientiam
2658 3333 2934 3399 potestatis
2960 3331 3275 3399 superioris.
3318 3331 3445 3383 Esto
3478 3327 3638 3385 testis
3671 3331 3728 3379 li-

2142 3426 2278 3479 delis
2305 3426 2601 3480 alienarum
2646 3412 3005 3479 miseriarum.
3052 3422 3324 3492 Sopplica,
3358 3423 3604 3486 obsecra,
3632 3421 3731 3473 do-

2143 3531 2244 3571 nec
2266 3516 2522 3583 impetres
2549 3516 2896 3583 adjutorinm.
2923 3515 3128 3569 Labore
3152 3516 3240 3569 diu
3267 3518 3517 3584 petendo,
3550 3529 3615 3569 nc
3639 3515 3727 3568 alii

2142 3606 2430 3660 diuturnas
2480 3608 2756 3676 angustias
2800 3605 3073 3675 perferant
3117 3606 3441 3670 laborando;
3486 3616 3540 3659 tu
3588 3609 3729 3660 enim

2141 3698 2470 3765 judicaberis
2507 3699 2824 3767 prmstitisse
2865 3698 3123 3766 quidquid
3163 3698 3505 3752 universitati
3555 3707 3731 3765 postu-

2147 3788 2292 3843 lante
2315 3800 2365 3842 te
2396 3790 2762 3858 prastahitur.
2795 3789 2915 3843 Noli
2939 3804 3204 3857 apparere
3229 3788 3423 3842 similis
3448 3786 3512 3841 ad
3545 3788 3732 3841 horam

2148 3878 2364 3948 placere
2394 3878 2698 3933 volentibus
2727 3895 2741 3945 ;
2772 3880 2861 3949 qui
2886 3879 3151 3942 videntes,
3185 3889 3278 3932 aut
3301 3880 3618 3945 sentientes,
3642 3889 3733 3933 aut

2148 3970 2418 4026 interdum
2447 3973 2609 4029 etiam
2648 3971 2983 4041 perferentes
3032 3973 3084 4026 in
3124 3972 3414 4041 provinciis
3460 3972 3549 4025 ubi
3594 3973 3731 4026 mili-

2149 4073 2262 4117 tant
2290 4064 2452 4130 mala,
2484 4079 2581 4135 per
2622 4063 2918 4118 relationes
2957 4064 3121 4119 falsas
3161 4065 3405 4117 nuntiant
3452 4063 3611 4123 bona.
3648 4064 3734 4116 lae-

2149 4157 2358 4211 tissimo
2399 4158 2592 4212 nuntio
2620 4165 2871 4226 putantes
2909 4156 3013 4211 sibi
3060 4158 3325 4225 praestari,
3354 4165 3412 4211 ut
3450 4157 3531 4211 vel
3572 4156 3733 4209 utiles

2146 4248 2601 4304 administrationi
2627 4264 2783 4318 quam
2812 4257 3027 4317 gerunt,
3062 4248 3142 4303 vel
3196 4248 3483 4303 necessarii
3510 4246 3733 4301 videan-

2151 4350 2257 4395 tur.
2284 4339 2328 4396 0
2352 4338 2811 4409 ingemiscendum
2840 4339 3020 4393 nefas!
3047 4338 3173 4391 dum
3206 4345 3454 4407 qttterunt
3476 4352 3733 4406 pratesse,

2154 4448 2260 4489 non
2287 4434 2528 4503 cogitant
2555 4432 2849 4502 prodesse;
2882 4432 2975 4486 sed
3008 4432 3197 4500 privati
3230 4432 3451 4484 honoris
3484 4431 3735 4499 injustam

2152 4524 2443 4593 potentiam
2478 4538 2571 4591 iter
2597 4523 2771 4577 aliena
2815 4536 3036 4577 servare
3068 4532 3326 4575 conantur
3373 4520 3735 4575 incommoda.

2073 4612 2297 4682 DQnos
2351 4625 2530 4668 tamen
2567 4613 2854 4683 aliquando
2904 4614 3149 4683 malignze
3192 4612 3499 4668 ambitionis
3543 4614 3736 4666 a~uttia

2152 4706 2376 4776 decipit,
2410 4706 2538 4760 dum
2588 4707 2817 4775 cmperit
2868 4705 3008 4759 fama
3060 4705 3268 4773 puzdita
3313 4703 3614 4774 loquiqtt-d
3664 4717 3737 4756 ta-

2151 4808 2303 4865 cent,
2338 4798 2646 4869 repertique
2676 4797 2880 4853 fueriut
2923 4800 2974 4853 in
3006 4813 3101 4855 sua
3144 4798 3483 4870 professione
3521 4797 3738 4852 menda-

2154 4907 2264 4948 ces.
2310 4894 2534 4947 Avertat
2566 4891 2706 4945 Dens
2753 4891 2891 4945 hanc
2921 4890 3243 4945 dementiam
3291 4904 3505 4959 semper
3550 4899 3601 4943 et
3641 4889 3738 4942 bos

2153 4997 2333 5038 mores
2360 4998 2387 5036 a
2417 4983 2645 5039 ducibus
2675 4984 2917 5052 optimis,
2948 4982 3036 5052 qui
3070 4983 3325 5055 prodesse
3358 4984 3601 5053 diligunt,
3628 4997 3737 5035 non

2152 5090 2384 5147 praeesse
2400 5078 2413 5131 !

2264 5188 2400 5245 Qun
2410 5204 2463 5236 ra
2485 5202 2685 5237 necom.
2713 5185 2873 5250 Dilige
2895 5188 3238 5249 rempublirant
3258 5186 3377 5237 sicut
3399 5194 3448 5236 te
3472 5190 3639 5249 ipsum.

2226 5293 2280 5349 9.
2322 5293 2473 5348 Tunc
2501 5294 2643 5348 enim
2687 5291 2993 5363 respublica
3022 5293 3160 5347 bene
3202 5294 3552 5362 gubernatur,
3590 5292 3743 5345 etde

2157 5387 2368 5456 magnis
2403 5394 2583 5454 potest
2613 5386 2829 5440 liberari
2872 5386 3150 5454 periculis,
3183 5385 3228 5438 si
3259 5385 3365 5438 dux
3397 5386 3511 5452 eius
3534 5393 3741 5437 tantum

2157 5494 2275 5532 eam
2324 5479 2527 5549 diligat,
2562 5487 2817 5548 quantum
2866 5492 2925 5532 se
2978 5477 3177 5545 ipsum.
3228 5476 3505 5530 Manifesta
3546 5476 3743 5543 quippe

2158 5574 2424 5626 sententia
2472 5583 2555 5625 est
2599 5573 2798 5624 veteris
2828 5571 3221 5642 legiszbiliges
3260 5571 3553 5642 prostratam
3596 5578 3739 5621 tum

2158 5666 2287 5719 sicut
2317 5674 2364 5718 te
2392 5667 2557 5731 ipsum
2588 5663 2732 5735 (Leu.
2760 5679 2869 5729 nx,
2902 5664 3021 5732 l8):
3053 5679 3211 5733 quam
3245 5664 3376 5720 Novi
3408 5660 3734 5718 Testamenti

2160 5759 2478 5828 praedicator
2504 5757 2727 5812 idoneus
2759 5757 2831 5809 ita
2865 5756 3159 5826 repetendo
3198 5758 3484 5811 confirmat
3505 5767 3555 5810 et
3580 5754 3737 5807 iuno-

2163 5862 2248 5906 \‘at
2305 5850 2537 5905 Paulus:
2566 5849 2765 5915 Omnis,
2801 5849 3073 5917 inquiens,
3137 5848 3220 5903 lea:
3266 5850 3319 5903 in
3371 5866 3474 5904 uno
3512 5859 3736 5903 muto»:
