4012 6194
293 352 394 416 937

1499 358 1855 420 EPISTOLIE
1897 362 1983 417 ET
2024 362 2403 420 OPUSCULA.

3460 371 3565 431 938

292 477 606 549 completur;
635 478 685 530 in
706 493 765 531 eo
800 478 937 546 quod
987 475 1162 547 diligis
1190 479 1480 547 proximum
1508 490 1651 534 tuum
1676 482 1806 534 sicut
1834 492 1880 535 te
1912 496 1956 552 Α
1985 494 2105 532 men
2130 479 2403 556 aliquanta
2432 480 2541 534 loca
2571 480 2701 534 satis
2732 495 2870 545 rara,
2901 495 3040 552 quae,
3067 482 3433 542 misericordia
3464 488 3564 545 Do-

291 572 461 636 ipsum
494 568 641 638 (Gal.
674 585 730 631 v,
782 568 889 635 Μ).
946 568 1078 634 Quis
1124 578 1299 622 autem
1347 568 1540 623 melior
1597 571 1874 638 proximus

288 659 643 714 mstimandns
670 670 752 712 est
780 657 904 712 duci
930 658 1332 726 sapientissimo
1351 674 1510 727 quam
1540 660 1872 727 respublica,

287 751 444 819 cujus
476 751 526 805 ei
556 760 611 803 et
637 751 869 818 negotia,
903 756 959 803 et
984 756 1176 811 status,
1212 749 1465 817 salusque
1486 748 1876 803 cotumitni‘ur?

290 840 481 909 Diligat
510 855 640 909 etgo
668 854 789 893 eam
820 839 961 894 sicut
982 852 1043 892 se
1066 842 1260 907 ipsum,
1293 839 1418 908 quia
1445 837 1718 908 diligendo
1756 854 1873 891 eam

286 934 427 987 sicut
466 947 529 988 se
570 934 771 1003 ipsum,
806 932 1136 989 desiderabit
1176 946 1296 987 eam
1343 933 1527 988 videre
1570 932 1870 1003 paciﬁcum,

285 1022 565 1094 quietam,
624 1023 997 1089 fructiferam,
1065 1027 1181 1077 sine
1241 1024 1419 1094 aliqua
1475 1024 1874 1093 perturbatione

285 1115 654 1183 tranquillam,
687 1114 828 1169 sicut
864 1114 979 1183 ipse
1026 1114 1211 1183 utique
1253 1122 1512 1184 quantum
1543 1123 1717 1182 petest
1748 1114 1873 1168 niti-

286 1216 393 1270 tur,
430 1217 488 1261 ut
534 1203 806 1275 pacificus,
838 1206 1072 1275 quietus,
1103 1207 1407 1273 opulentus,
1439 1215 1496 1262 et
1535 1207 1651 1262 sine
1695 1208 1871 1276 aliqua

282 1297 351 1352 sit
403 1297 815 1365 perturbatione
862 1298 1201 1367 tranquillus.
1244 1298 1535 1368 Ingredere
1577 1300 1738 1369 igitur
1790 1307 1869 1364 tu,

284 1388 522 1442 virorum
552 1390 781 1456 Optime,
812 1389 1024 1457 quoties
1059 1391 1264 1457 cogitas
1293 1389 1467 1456 qualis
1493 1404 1612 1445 esse
1643 1391 1694 1442 in
1738 1390 1871 1444 acti-

283 1479 383 1532 bus
418 1478 749 1535 militaribus
794 1478 1015 1541 debeas,
1065 1478 1349 1548 ingredere
1391 1479 1738 1535 conscientiae
1767 1487 1869 1533 tuae

288 1570 548 1623 latissima
599 1569 916 1636 penetralia.
954 1569 1083 1622 Vide
1127 1570 1199 1624 ibi
1250 1570 1521 1640 quomodo
1558 1570 1742 1638 cupias
1784 1569 1873 1622 ha-

284 1660 412 1712 bere
465 1660 741 1722 laetitiam;
788 1669 843 1719 et
894 1659 1178 1725 diligenter
1217 1676 1368 1725 cave,
1428 1669 1485 1715 ut
1543 1661 1867 1728 reSpublica,

281 1765 441 1819 quam
464 1752 645 1820 diigis
684 1753 823 1807 sicut
869 1761 921 1813 te
952 1752 1151 1823 ipsum,
1197 1754 1393 1808 nullam
1430 1754 1595 1823 possit
1633 1756 1738 1825 pati
1774 1758 1868 1810 tri-

280 1843 509 1898 stitiam.
532 1843 823 1901 Ctutsidcra
850 1845 972 1913 quia
997 1859 1094 1899 nec
1115 1846 1367 1899 damnum
1399 1846 1488 1900 tibi
1521 1847 1600 1899 κίε
1626 1846 1863 1912 evenire,
1900 1862 1941 1920 ῃ

283 1949 386 1989 nec
411 1937 674 1999 dolorem,
700 1950 800 1992 nec
834 1936 1065 1991 dedecus
1091 1954 1103 1990 :
1134 1948 1189 1991 et
1228 1938 1294 1993 ab
1322 1937 1440 1991 istis
1479 1937 1630 1991 malis
1656 1937 1866 2005 eripere

280 2022 475 2077 festina
521 2024 921 2091 rempublicam.
974 2022 1030 2077 Si
1075 2024 1319 2091 displicet
1368 2023 1460 2077 tibi
1501 2022 1714 2091 quando
1754 2025 1867 2091 ipse

278 2116 527 2183 privatim
553 2116 858 2171 violentiam
885 2116 1102 2185 pateris,
1133 2116 1281 2170 odire
1302 2115 1466 2171 debes
1500 2131 1727 2185 quorum
1752 2115 1865 2169 vio-

280 2205 463 2260 lentiis
518 2207 814 2276 respublica
869 2206 1173 2261 tribulatur.
1226 2207 1281 2267 Si
1335 2208 1550 2275 rapinas
1603 2207 1863 2260 bonorum

277 2306 492 2349 tuorum
542 2298 773 2352 tolerare
824 2297 1097 2362 lormidas,
1142 2298 1584 2353 consuetudinem
1625 2295 1866 2365 rapiendi

280 2390 411 2442 tolie
434 2391 758 2458 raptoribus.
791 2390 847 2445 Si
877 2391 1183 2456 detestaris,
1219 2401 1270 2445 et
1302 2390 1577 2445 inimicum
1606 2390 1866 2445 veraciter

278 2490 461 2547 putas,
497 2482 801 2550 quicunque
833 2490 883 2535 te
933 2481 1083 2537 falsis
1123 2481 1551 2537 accusationibus
1594 2482 1866 2551 appetive-

277 2571 369 2628 rit.
416 2572 776 2625 exsecrabiles
820 2569 1001 2640 jndica
1049 2570 1339 2639 provinciae
1382 2571 1542 2624 totius
1588 2579 1867 2625 accusato-

278 2675 391 2715 res.
434 2664 515 2715 An
548 2661 769 2719 forsitan
802 2662 1016 2716 difﬁcile
1054 2663 1324 2724 arbitrari,
1354 2673 1411 2717 ut
1450 2664 1681 2730 patiatur
1711 2676 1866 2715 accu-

282 2761 495 2806 satores
529 2763 631 2807 tot.»
665 2753 969 2822 provincia?
1010 2753 1134 2808 Mihi
1179 2754 1359 2820 crede,
1411 2752 1605 2822 sa-pius
1646 2753 1861 2822 patitur.

280 2843 641 2897 Accusatores
670 2844 785 2912 ejus
816 2853 939 2897 sunt
978 2844 1291 2906 ambitores,
1323 2843 1597 2913 quibus.ut
1630 2851 1866 2911 potestas

280 2939 439 2990 ditur
466 2938 764 3004 opprimere
799 2951 1079 3005 pauperes,
1116 2936 1464 3004 impossibilia
1502 2936 1861 3005 pollicentur;

278 3036 334 3079 ct
357 3026 633 3088 desolatis,
670 3028 794 3082 belli
823 3040 1035 3097 quoque
1066 3029 1281 3084 incursu
1310 3028 1419 3097 jam
1443 3028 1663 3096 perditis
1691 3030 1867 3099 regio-

281 3119 463 3183 nibus,
497 3126 695 3177 Statum
723 3120 960 3186 pristinae
986 3104 1125 3174 'stab
1150 3121 1311 3174 litatis
1342 3119 1586 3177 ascribun
1632 3136 1648 3175 :
1693 3120 1866 3175 adhuc

284 3212 471 3281 vigere
499 3219 688 3267 cuncta
721 3211 1069 3277 mentientes,
1111 3213 1282 3266 adhuc
1309 3227 1467 3282 posse
1499 3228 1608 3267 non
1634 3212 1863 3268 funt-tio-
1891 3224 1933 3283 ί]

278 3317 375 3355 nes
406 3300 613 3367 solitas,
644 3302 738 3356 sed
770 3317 904 3356 nova
931 3317 1166 3371 quoque,
1195 3303 1238 3356 si
1269 3302 1605 3369 adjiciantur.
1640 3302 1860 3356 tributo-

278 3404 400 3446 rozn
436 3390 672 3459 pondera
704 3392 989 3447 sustinere.
1023 3392 1250 3459 Culpam
1270 3406 1334 3444 au
1360 3406 1447 3446 em
1478 3392 1712 3447 susurris
1743 3390 1865 3443 ahs-

275 3485 509 3540 conditis
562 3486 834 3541 ministros
897 3486 1093 3541 tlsvalis
1147 3487 1482 3554 exactionis,
1547 3486 1865 3555 desidesque

275 3588 395 3642 cos,
443 3587 535 3629 aut
579 3578 799 3630 nimium
841 3579 1118 3646 remissos,
1163 3577 1459 3632 voluntarie
1508 3578 1651 3632 nulla
1690 3580 1864 3647 provi-

274 3668 411 3723 dere
462 3666 607 3723 lucra
665 3668 973 3737 reipublicae
1023 3668 1517 3725 mentiunturmibi
1566 3684 1693 3724 vero
1740 3670 1864 3724 dum

273 3759 565 3815 commissa
604 3760 761 3817 fuerit
800 3762 958 3826 actio,
1010 3777 1107 3831 per
1137 3746 1353 3817 nimiam
1403 3762 1718 3831 tidelemque
1747 3763 1868 3818 dili-

273 3852 512 3919 gentiam
543 3862 737 3907 cuncta
778 3853 921 3909 efﬁci
956 3870 1233 3923 prospera.
1278 3854 1381 3910 Sed
1409 3854 1464 3925 (ο
1504 3858 1747 3925 pertinax
1778 3869 1869 3909 cu-

276 3942 478 4011 piditas
501 3943 541 4013 ε)
572 3943 847 4013 diligentia
881 3960 1088 4010 eorum,
1130 3946 1447 4010 crudelitas;
1477 3947 1629 4009 ratio,
1665 3947 1869 4015 deprteo

275 4033 424 4085 datio
474 4033 667 4087 melius
696 4036 1014 4102 appellatur.
1046 4035 1169 4090 Ideo
1199 4037 1421 4115 cupiunt
1450 4050 1630 4089 emere
1664 4034 1869 4104 gravis-

272 4128 446 4179 simas
495 4128 758 4192 actiones,
808 4128 929 4195 quia
977 4127 1218 4196 cogitant
1248 4127 1511 4191 vendere;
1556 4125 1869 4195 promittunt

276 4216 438 4279 falsa,
475 4226 533 4271 ut
580 4231 702 4271 vera
749 4209 1086 4286 subripiunt}
1134 4218 1479 4273 blandiuntur
1520 4228 1577 4272 ut
1615 4226 1867 4279 noceant;

280 4305 427 4372 piam
475 4308 628 4375 quasi
676 4308 1093 4363 sollicitudinem
1148 4324 1245 4378 pro
1284 4309 1606 4364 utilitatibus
1649 4308 1872 4377 publicis

271 4406 495 4465 gerunt,
525 4398 616 4452 sed
647 4399 884 4469 afﬂigere
913 4400 1071 4455 simul
1104 4400 1280 4455 omnia
1317 4410 1371 4454 et
1400 4399 1728 4456 deteriorare
1758 4415 1872 4456 mo-

275 4489 504 4541 liuntur.
536 4488 794 4545 Evertere
822 4493 1066 4560 cupiunt,
1096 4493 1552 4560 nongubernare;
1585 4491 1867 4562 dissipare,

1989 570 2119 623 mini
2152 580 2485 639 protegente,
2534 578 2842 628 meruerunt
2884 571 2969 627 vel
3018 573 3179 629 illmsa
3221 578 3448 646 servari,
3480 581 3567 637 vel

1988 660 2209 713 forsitan
2254 677 2439 729 parum
2471 662 2611 716 laedi.
2653 660 2891 732 Quorum
2936 666 3148 721 nomina
3191 671 3563 727 commendata

1983 750 2256 807 memoriae
2310 752 2643 820 frequentius
2694 754 3002 820 recitantes,
3036 760 3437 824 comparatione
3469 775 3565 816 eo-

1982 858 2101 896 rum
2145 843 2564 913 magnitudinem
2596 846 2858 912 generalis
2890 847 3213 902 calamitatis
3251 856 3561 922 extenuant,

1983 941 2036 984 et
2078 934 2262 986 dicunt
2309 935 2473 1003 (sicut
2522 936 2744 1003 probare
2794 937 2910 992 sine
2952 934 3114 992 dubio
3163 940 3561 1010 potuisti):llis
3612 952 3615 953 '

1983 1024 2343 1080 {unctionibus
2386 1028 2656 1100 provincia
2688 1029 2914 1095 sufﬁcit;
2949 1030 3039 1085 ille
3084 1032 3226 1085 enim
3267 1031 3417 1088 locus
3446 1042 3562 1088 tan-

1982 1125 2090 1168 tum
2125 1115 2285 1169 habet
2318 1118 2582 1173 utilitatis.
2617 1118 2661 1172 0
2693 1120 2873 1173 miseri
2906 1136 3123 1189 quorum
3155 1138 3209 1175 os
3238 1123 3462 1177 locutum
3488 1133 3563 1176 rat

1980 1208 2277 1271 vanitatem,
2312 1217 2358 1261 et
2390 1209 2601 1264 dextera
2641 1227 2839 1276 eorum,
2888 1214 3095 1265 dextera
3124 1214 3407 1283 iniquitatis
3439 1215 3558 1284 (Ps.

1978 1309 2159 1359 cxun,
2195 1296 2251 1365 8)
2279 1299 2291 1350 l
2326 1300 2381 1352 Si
2408 1300 2549 1353 bono
2582 1315 2680 1355 suo
2716 1310 2932 1368 apertos
2964 1303 3155 1357 habrnt
3184 1306 3388 1374 oculos,
3422 1308 3561 1359 unde

1980 1388 2207 1455 pepulus
2230 1389 2434 1455 gemit?
2472 1391 2745 1459 ASpiciant
2769 1394 2811 1446 si
2839 1402 3037 1446 statera
3062 1393 3205 1463 justa
3232 1396 3302 1449 sit
3327 1398 3378 1449 in
3403 1398 3559 1452 labiis

1977 1490 2184 1530 corum.
2250 1477 2405 1531 Prius
2468 1491 2750 1535 numerent
2796 1491 2992 1551 quanta
3055 1484 3345 1553 perierint,
3417 1496 3561 1554 post-

1978 1565 2197 1620 modum
2253 1577 2445 1635 quantn
2498 1571 2874 1625 remanserint.
2926 1574 3005 1625 An
3058 1572 3129 1625 ibi
3176 1574 3311 1627 nihil
3351 1574 3552 1643 vident,

1977 1658 2063 1711 ubi
2103 1659 2274 1727 pietas
2304 1661 2600 1730 indigctur;
2634 1671 2687 1718 et
2724 1663 2825 1718 hoc
2855 1664 3144 1720 luminibus
3188 1666 3431 1721 sollicitis
3461 1684 3559 1723 no-

1977 1756 2110 1815 tant,
2146 1752 2286 1805 unde
2314 1753 2510 1807 invidia
2542 1757 2865 1823 generetur?

2047 1841 2133 1895 10.
2179 1842 2363 1911 Longe
2414 1844 2493 1898 fac
2524 1846 2662 1898 viam
2709 1854 2853 1900 tuam
2898 1845 3117 1913 abillis,
3161 1847 3379 1903 domum
3413 1860 3555 1904 tuam

1973 1945 2186 1999 semper
2234 1933 2509 1988 inveniant
2551 1935 2811 1991 clausam.
2876 1936 3203 2005 DiSpIiceant
3259 1938 3351 1991 tibi
3403 1942 3557 1995 noxia

1970 2030 2341 2088 suggerentes,
2403 2032 2457 2075 et
2514 2036 2573 2077 se
2627 2024 2967 2091 diSplicuisse
3014 2039 3357 2095 cognoscant.
3424 2030 3555 2099 Ipsis

1969 2110 2166 2177 quippe
2190 2110 2431 2167 adhaeret
2463 2113 2795 2167 familiariter
2822 2114 2983 2170 etiam
3018 2118 3172 2171 turba
3194 2120 3427 2187 pessima
3460 2122 3556 2174 ἀοι

1971 2199 2223 2265 latorum,
2267 2203 2354 2268 qui
2406 2202 2587 2256 latenti
2639 2218 2913 2259 murmure
2954 2204 3178 2261 ducibus
3225 2210 3444 2276 eptimis
3472 2209 3547 2262 fi-

1971 2293 2206 2347 cuftates
2231 2292 2505 2348 insinuant
2530 2296 2759 2361 alienas;
2804 2307 2857 2351 ut
2890 2297 3090 2368 laqueis
3118 2302 3355 2357 avaritite
3381 2306 3555 2371 capti-

1971 2383 2100 2452 vati,
2134 2384 2232 2451 pia:
2259 2386 2735 2441 administrationis
2776 2390 2999 2458 perdant
3026 2391 3354 2461 Opinionem,
3387 2395 3434 2449 si
3462 2410 3555 2451 ae-

1969 2477 2249 2544 quiescant
2276 2478 2534 2547 improbis
2562 2484 2921 2551 suasionibus,
2950 2495 3005 2541 et
3026 2487 3264 2558 cogitent
3301 2504 3421 2560 qua:
3449 2490 3552 2545 sibi

1972 2571 2284 2622 nuntiantur
2313 2570 2542 2626 auferre.
2576 2574 2713 2639 Quid
2751 2574 2894 2629 aliud
2946 2578 3045 2632 nisi
3091 2579 3360 2634 calumnia
3399 2580 3552 2637 inno~

1969 2660 2214 2715 ecutbus
2249 2663 2553 2718 hominibus
2602 2666 2902 2722 excitatur?
2950 2668 3273 2725 Detestabile
3314 2672 3554 2741 profecto

1968 2765 2139 2820 genus
2168 2752 2459 2808 humanum
2491 2763 2515 2790 α
2545 2755 2811 2825 nimisque
2856 2758 3235 2825 abominabile,
3264 2760 3553 2816 delatores.

1971 2839 2026 2893 In
2074 2841 2229 2910 cujus
2279 2846 2533 2912 praetorio
2575 2846 2793 2900 minime
2842 2849 3181 2916 emerserint,
3236 2850 3350 2920 ipse
3381 2852 3555 2924 diligit

1970 2936 2352 3003 rempublfcam
2401 2936 2541 2990 sicut
2594 2952 2653 2991 se
2708 2939 2913 3006 ipsum;
2971 2942 3159 2995 nolens
3206 2942 3326 2996 aliis
3377 2943 3553 2999 facere

1970 3025 2110 3092 quod
2144 3025 2256 3093 ipse
2290 3024 2398 3093 pati
2432 3027 2681 3082 noluerit.
2717 3027 2839 3081 lla‘c
2884 3028 3026 3083 enim
3057 3039 3243 3098 quarta
3274 3043 3356 3086 est
3394 3033 3551 3089 inno-

1970 3114 2157 3169 centite
2192 3118 2367 3183 tegula
2393 3117 2534 3170 milit
2555 3118 2719 3171 tribus
2749 3119 2952 3173 actibus
2981 3131 3257 3189 occupato,
3290 3137 3446 3191 quam
3470 3132 3553 3179 te-

1970 3221 2063 3259 nes
2085 3217 2139 3260 et
2169 3215 2350 3262 tenere
2380 3209 2602 3263 tinuiter
2638 3209 2823 3276 debes,
2858 3220 2915 3265 ut
2945 3210 3135 3280 diligas
3164 3213 3547 3282 rempublicam

1968 3294 2104 3349 sicut
2133 3307 2182 3351 te
2213 3298 2402 3365 ipsum,
2428 3298 2691 3354 charitate
2718 3300 2906 3356 libera.
2936 3299 3102 3371 Cujus
3132 3302 3423 3358 abundanti
3454 3320 3548 3359 re-

1973 3388 2144 3454 jletus
2201 3390 2482 3444 dulcedine
2547 3391 2791 3461 Moyses,
2864 3391 2987 3445 dum
3046 3392 3254 3448 videret
3300 3400 3551 3464 populum

1973 3478 2153 3543 Israel,
2191 3482 2575 3548 rempublicam
2607 3484 2812 3538 scilicet
2833 3499 3009 3548 suam,
3047 3500 3294 3551 peccasse
3317 3489 3555 3557 omnipo-

1974 3578 2101 3622 tenti
2139 3571 2266 3636 Deo,
2301 3572 2621 3641 timeretque
2651 3572 2936 3642 justissiml
2963 3576 3161 3643 judicis
3192 3576 3422 3633 futuram
3471 3594 3556 3635 se-

1975 3664 2277 3727 veritatem,
2308 3665 2384 3718 sic
2420 3665 2629 3733 placare
2658 3667 2883 3734 arripuit
2921 3669 3275 3723 irascentem:
3314 3670 3553 3736 Obsecro,

1976 3753 2167 3821 inquit,
2200 3752 2437 3821 Domine,
2472 3756 2515 3807 si
2542 3756 2757 3809 dimittis
2792 3758 2864 3809 eis
2893 3769 3177 3825 peccatum,
3220 3759 3451 3824 dimitte;
3475 3760 3555 3814 sin

1974 3854 2165 3909 autem,
2201 3844 2315 3899 dele
2344 3861 2423 3899 me
2450 3844 2513 3896 de
2557 3845 2684 3898 libro
2709 3856 2794 3898 tuo
2822 3858 2969 3911 quem
3015 3847 3329 3915 scripserunt
3375 3863 3555 3901 titanas

1977 3945 2077 3991 tua
2112 3936 2308 4008 (Exod.
2337 3952 2506 4002 xxxn,
2536 3936 2649 4005 51).
2681 3937 3102 3991 Consideremns
3129 3940 3258 4007 quid
3302 3940 3553 4008 proderat

1979 4027 2143 4096 Moysi
2175 4028 2308 4081 alios
2350 4028 2525 4082 SttiVOS
2571 4028 2763 4087 facere.
2798 4028 2841 4081 si
2872 4028 3092 4096 periret.
3123 4029 3224 4085 Sed
3257 4030 3377 4099 quia
3411 4045 3555 4084 rem-

1980 4119 2245 4187 publicam
2280 4121 2531 4191 diligebat
2553 4137 2766 4191 semper
2795 4124 2933 4176 sicut
2963 4138 3021 4177 se
3063 4123 3257 4192 ipsum,
3282 4124 3557 4181 chaitatis

1980 4207 2137 4277 hujus
2178 4208 2640 4278 sacriﬁcio;Deum
2696 4210 2948 4280 placavit;
2996 4220 3050 4265 et
3093 4226 3189 4265 nec
3234 4211 3348 4280 ipse
3376 4212 3556 4281 periit,

1980 4314 2078 4355 nec
2106 4300 2357 4370 populun
2401 4317 2558 4371 quem
2603 4302 2824 4371 regebat
2869 4303 3041 4371 perire
3095 4303 3357 4373 permisit.
3405 4304 3554 4359 [iuno

1980 4389 2145 4444 David
2192 4400 2413 4445 sanctus
2457 4392 2647 4460 mquali
2707 4392 2901 4447 virtute
2948 4393 3248 4448 di'ectiouis
3295 4394 3558 4463 imitatus,

1981 4482 2319 4550 percutienti:
2362 4482 2558 4550 angelo
2603 4483 2878 4537 civitatem
2915 4501 2928 4535 :
2959 4480 3314 4551 Convertamr,
3365 4485 3557 4555 inquit,

274 4594 387 4630 non
419 4579 725 4643 custodire;
757 4581 1037 4644 devorare,
1068 4596 1172 4636 non
1206 4596 1446 4651 pascere.
1475 4582 1746 4637 Materiam
1775 4598 1860 4638 se-

1980 4590 2162 4627 manus
2194 4584 2281 4627 tua
2309 4576 2360 4627 in
2391 4590 2471 4626 me
2522 4587 2567 4627 et
2602 4575 2811 4627 domum
2853 4578 3014 4645 putris
3056 4578 3171 4631 mei.
3206 4577 3303 4631 Isti
3331 4579 3419 4647 qui
3448 4596 3561 4635 om

267 4670 589 4739 ditionibus,
626 4673 954 4736 incrementa
980 4675 1235 4745 miseriis,
1258 4690 1473 4730 causam
1508 4676 1717 4731 llezibus
1738 4678 1865 4731 sub-

269 4763 589 4817 ministrant
614 4782 625 4815 :
655 4764 755 4817 hoc
787 4776 1030 4833 agentes,
1061 4782 1181 4820 cum
1224 4768 1492 4834 provincia
1536 4782 1701 4835 prope
1728 4784 1872 4822 mir-

269 4861 387 4913 tua,
420 4868 487 4907 ne
521 4855 725 4909 tardius
760 4858 1037 4912 moriatur.
1080 4858 1205 4931 Sepi
1235 4876 1385 4912 aures
1408 4868 1522 4913 tua:
1546 4861 1706 4927 spinis
1738 4860 1869 4928 (Ec-

268 4948 359 4999 ιιί.
401 4962 595 5012 xxviii,
624 4946 742 5016 98),
801 4967 867 5004 ne
916 4952 1101 5007 audias
1148 4968 1331 5009 vocem
1377 4955 1605 5023 maligne
1646 4956 1869 5025 loquen-

268 5036 432 5091 Liuzn.
504 5041 733 5106 Quando
801 5056 894 5097 eos
978 5045 1248 5111 conspicis
1321 5061 1570 5113 agrorum
1650 5046 1870 5099 laudare

268 5128 641 5193 fertilitatem,
693 5132 941 5187 nuntiare
972 5134 1354 5189 abundantiam
1404 5137 1724 5205 pluviarum,
1760 5138 1873 5191 loca

268 5222 590 5289 frequenter
630 5238 839 5281 amoma
900 5226 1212 5297 depingere,
1261 5229 1391 5284 time
1436 5230 1662 5284 tabulam
1721 5230 1869 5284 blan-

264 5312 424 5367 dam.
450 5313 646 5370 Sermo
680 5316 983 5385 hnjusmodi
1016 5321 1194 5375 viscus
1214 5332 1296 5376 est
1324 5340 1333 5373 :
1362 5322 1568 5377 hzerere
1595 5323 1663 5376 ibi
1699 5324 1871 5378 nulla-

264 5414 435 5461 tenus
466 5408 631 5463 debet
678 5410 800 5465 boni
847 5413 998 5467 ducis
1036 5414 1305 5470 voluntas.
1352 5417 1458 5471 Nec
1491 5406 1869 5487 requirendum

262 5515 502 5554 censeas
556 5511 733 5556 utinm
787 5505 983 5571 aliquid
1051 5509 1314 5563 veraciter
1363 5521 1613 5575 narrent;
1677 5510 1870 5567 artiﬁci

264 5608 421 5646 cnim
451 5598 843 5649 consuetudine
874 5599 1118 5651 vitiormn
1150 5616 1254 5653 non
1287 5603 1462 5656 tn‘nus
1495 5603 1635 5656 cauti
1671 5603 1737 5655 ad
1774 5618 1873 5655 no-

260 5682 532 5742 cendum.
569 5684 690 5740 licet
720 5690 888 5741 sciant
918 5689 1096 5743 onmia
1143 5690 1378 5760 deperiis
1410 5709 1460 5757 «ξ,
1506 5702 1755 5762 qumrunt
1787 5703 1868 5746 ta-

367 5856 388 5878 ιι
409 5838 567 5896 Forte
600 5841 680 5909 leg
734 5860 889 5913 genus
921 5861 1183 5899 Itnutxuu.

798 5942 1069 6001 l’srnoc.
1110 5928 1362 6001 LXV”.

1971 4681 2111 4729 sunt,
2145 4665 2273 4734 quid
2305 4667 2534 4733 fecerunt
2566 4664 2655 4735 (ll
2692 4665 2821 4737 Reg.
2854 4679 3001 4735 μιν,
3032 4666 3158 4736 t7)?
3191 4669 3261 4722 Da
3295 4670 3560 4724 hominem

1968 4757 2058 4825 qui
2080 4754 2463 4825 rempublicmn
2496 4758 2576 4812 sic
2607 4759 2810 4827 diligat,
2846 4769 2900 4814 et
2931 4759 3135 4815 videbis
3169 4770 3425 4829 quantum
3451 4760 3561 4814 Deo

1970 4847 2199 4917 placeat,
2232 4847 2393 4900 etiam
2438 4847 2759 4902 militaribus
2790 4850 2996 4903 actibus
3029 4859 3342 4918 occupatus.
3370 4848 3559 4904 Profe-

1972 4948 2059 4992 cto
2080 4938 2271 5008 dignus
2292 4953 2352 4994 es
2392 4948 2451 4993 ut
2493 4941 2677 4995 talium
2717 4941 2909 4995 similis
2945 4944 3111 5008 vivas,
3149 4952 3369 5010 paratus
3408 4942 3559 4996 labo-

1980 5046 2100 5087 rare
2132 5048 2226 5101 pro
2249 5034 2433 5103 requie
2458 5034 2671 5103 subject
2695 5050 2857 5097 trum;
2896 5044 3113 5102 paratus
3138 5035 3300 5088 etiam
3331 5041 3562 5090 mortem

1980 5124 2178 5189 subire,
2228 5127 2273 5180 si
2329 5128 2633 5194 permiserit
2685 5127 2840 5191 Deus,
2877 5135 2934 5179 ut
2979 5126 3046 5180 de
3094 5124 3283 5179 mortis
3329 5127 3564 5195 periculo

1982 5214 2075 5269 tibi
2096 5216 2342 5271 subditos
2374 5217 2591 5273 liberes.
2622 5217 2749 5272 Plus
2782 5218 2930 5283 time,
2961 5217 3066 5271 dux
3091 5217 3315 5286 optime,
3350 5222 3563 5289 provin-

1980 5310 2116 5364 ciam
2153 5312 2265 5365 lieri
2303 5310 2644 5376 deteriorem,
2688 5325 2848 5381 quam
2881 5320 2934 5366 te
2981 5312 3152 5381 ipsum
3199 5311 3564 5367 minuentibus

1979 5402 2173 5470 opibus
2230 5402 2598 5472 pauperiorem
2633 5400 2881 5456 :divitias
2930 5401 3331 5458 inaestimabiles
3383 5402 3564 5472 judice

1982 5494 2173 5548 Lunam
2195 5496 2408 5549 bonam.
2437 5493 2811 5549 Verumtamen
2842 5494 2962 5564 quia
2983 5496 3159 5551 omnis
3189 5496 3349 5551 homo
3376 5494 3560 5563 quidi-

1984 5587 2095 5656 ‘igit
2136 5604 2195 5641 se
2240 5589 2434 5654 ipsum,
2467 5586 2590 5656 plus
2621 5585 2781 5641 debet
2824 5587 3047 5659 diligere
3097 5589 3259 5644 Deum
3305 5604 3461 5659 quam
3509 5603 3565 5641 se

1983 5681 2035 5747 ip
2068 5694 2152 5732 um
2188 5677 2405 5750 (alioqui
2438 5678 2611 5731 niinus
2639 5677 2865 5749 diligens
2894 5682 3081 5748 Deum,
3109 5696 3214 5735 non
3246 5678 3439 5750 diligit,
3468 5676 3565 5733 sed

3016 5951 3093 6009 30
