4012 6194
380 3543 409 3565 ἦ

407 413 512 472 959
1315 375 1681 438 FULGENTH
1725 371 2072 428 FEl‘iliANDl

409 527 521 583 odit
549 539 606 580 se
637 515 858 588 ipsum),
889 508 1187 580 quicunque
1217 498 1391 567 diligit
1415 490 1805 562 rempublicam
1854 487 1993 538 sicut
2025 490 2070 543 Α

415 577 693 686 sie-ipsum,
726 577 845 677 plus
881 577 1062 670 diligat
1089 596 1259 650 Deum
1294 605 1449 661 quam
1477 583 1885 654 rempublicam,
1920 577 1999 631 di-

423 685 644 779 vinaque
681 698 890 772 negotia
924 697 1194 766 praeponat
1227 685 1497 743 humanis.

643 835 822 892 Quum
845 840 1046 878 necata.
1076 816 1314 872 Humanis
1348 812 1514 866 divina
1541 819 1790 875 prwpone.

503 942 590 994 Η.
623 940 688 992 [τι
714 936 828 990 haec
854 932 951 988 erit
986 932 1167 1000 quinta
1198 924 1379 994 regula
1412 919 1734 975 innocentiae
1765 913 2011 970 militari-

435 1033 535 1084 bus
573 1026 783 1082 actibus
826 1030 1110 1089 occupato,
1155 1017 1234 1070 sic
1277 1011 1620 1066 considerare
1673 1003 2012 1075 temporalia.

436 1130 496 1175 ut
526 1118 650 1188 plus
685 1112 926 1171 attendat
965 1118 1195 1170 :cterna;
1235 1106 1312 1159 sic
1342 1101 1624 1156 consulere
1661 1096 2016 1167 praesentibus

438 1185 668 1275 actibus,
709 1214 768 1260 ut
807 1204 926 1272 plus
961 1201 1028 1254 de
1059 1198 1250 1252 futuris
1287 1194 1484 1262 cogitet
1523 1190 1782 1260 praemiis.
1833 1185 2020 1240 Evenit

441 1303 584 1357 enim
607 1299 940 1366 frequenter,
967 1289 1107 1360 quod
1137 1289 1384 1357 ignorare
1406 1298 1510 1338 non
1543 1292 1716 1351 potes,
1741 1279 2021 1347 sapientiae

445 1394 643 1463 Spiritu
689 1395 883 1446 cuncta
924 1383 1199 1438 revelante
1239 1376 1484 1431 sensibus
1527 1374 1666 1437 tuis,
1715 1381 1770 1425 ut
1819 1366 2022 1438 aliquid

448 1460 563 1540 fieri
621 1478 912 1537 necessitas
956 1481 1113 1552 cogat
1163 1469 1307 1540 quod
1353 1476 1552 1522 aeterna
1603 1465 1688 1519 lex
1738 1460 2026 1531 prohibet,

452 1575 604 1630 verbi
653 1570 820 1642 gratia
841 1607 858 1631 ,
887 1580 956 1621 ne
990 1549 1257 1632 incognita
1300 1558 1632 1626 proferamus
1663 1554 1908 1621 exempla
1939 1567 1953 1604 :
1986 1549 2032 1603 si

456 1670 638 1738 plures
680 1666 733 1717 in
769 1659 1007 1716 exercitu
1054 1654 1348 1710 fortissimo
1394 1651 1728 1720 reperiantur
1772 1639 2030 1708 haeretici,

459 1737 790 1811 infidelitatis
822 1750 1144 1804 sententiam
1174 1745 1360 1799 falsam
1401 1741 1654 1810 pertinaci
1697 1737 2041 1793 animositate

462 1849 830 1904 vindicantes.
879 1851 933 1894 et
988 1845 1204 1906 propter
1259 1839 1358 1889 hoc
1400 1832 1672 1888 haereticis
1703 1842 1923 1898 parcere
1953 1825 2040 1880 vel

466 1937 750 1994 consulere
778 1933 886 1987 dux
919 1929 1220 1984 catholicus
1249 1925 1562 1987 suadeatur,
1599 1929 1691 1974 aut
1716 1917 1932 1974 nefandi
1960 1931 2038 1971 cr-

469 2029 610 2084 roris
659 2021 1096 2094 pradicatoribus
1149 2013 1577 2070 exercendarum
1638 2008 1902 2063 licentiam
1955 2007 2045 2058 tri-

472 2120 632 2173 buere
651 2111 1129 2183 blasphemiarum,
1158 2106 1424 2176 patirnter
1455 2103 1633 2157 ferens
1657 2111 1872 2168 propter
1895 2112 2052 2151 sean—

474 2209 655 2264 dalum
675 2204 815 2275 quod
844 2203 951 2272 pati
984 2197 1260 2262 formidat,
1291 2196 1450 2251 etiam
1475 2209 1570 2248 eos
1593 2193 1804 2246 lavacro
1833 2187 2052 2244 secundi

477 2295 812 2366 baptismatis
844 2290 1032 2363 pollui,
1077 2289 1187 2358 jam
1211 2287 1376 2353 semel
1407 2292 1658 2342 renatos:
1711 2296 1902 2349 nempe
1947 2288 2054 2332 tam

480 2389 634 2443 mala:
687 2383 922 2440 suasioni
961 2381 1327 2446 consentiens,
1382 2378 1507 2431 licet
1547 2375 1777 2445 aliquam
1819 2372 2061 2426 videatur

483 2480 576 2533 util
603 2485 766 2532 tatem
805 2476 1066 2529 bonorum
1104 2467 1478 2538 temporalium
1521 2466 1836 2536 praestitis~e
1878 2461 2059 2531 subje-

485 2571 606 2632 ctis,
658 2567 758 2620 sibi
788 2563 1003 2619 interim
1032 2561 1243 2625 nocuit;
1274 2559 1400 2612 dum
1434 2557 1502 2611 de
1533 2553 1802 2623 adjutorio
1845 2553 1937 2606 Dei
1972 2552 2067 2604 mi-

489 2674 587 2714 nus
609 2669 857 2727 sperasse
876 2651 1167 2723 judicatus,
1187 2649 1454 2704 interdum
1488 2645 1750 2700 deteriora
1781 2658 1936 2713 quant
1963 2641 2070 2695 for—

492 2748 656 2802 midat
699 2742 937 2814 pericula
975 2741 1203 2804 tolerat;
1236 2748 1290 2792 et
1321 2752 1418 2791 nec
1445 2736 1498 2790 in
1529 2750 1624 2788 sua
1656 2734 1760 2788 [ide
1789 2743 2068 2794 constans,

493 2844 712 2893 exercet
765 2838 1132 2900 competenter
1174 2829 1345 2882 zelum
1396 2825 1690 2896 religionis,
1747 2839 1846 2878 nec
1897 2817 2072 2877 evadit

497 2928 703 2983 ruinam
730 2923 1060 2995 gravissima:
1091 2918 1472 2981 tribulationis,
1497 2919 1616 2988 quia
1650 2917 1940 2986 prmposuit
1970 2925 2077 2969 ter-

499 3037 624 3076 rina
667 3016 1000 3080 coelestibus,
1041 3024 1094 3068 et
1124 3012 1452 3066 voluntatem
1500 3007 1773 3063 Creatoris
1805 3007 2080 3061 ollendere

502 3112 808 3167 nullatenus
830 3105 1112 3169 dubitavit,
1132 3104 1344 3168 placere
1367 3101 1550 3154 volens
1575 3100 1880 3152 hominibus
1902 3106 2082 3152 mente

503 3200 787 3269 corruptis.
818 3199 1012 3250 Beatus
1040 3208 1169 3263 ergo
1193 3195 1300 3247 eris
1324 3193 1392 3256 si,
1424 3190 1740 3245 militaribus
1762 3189 1967 3242 actibus
1995 3203 2084 3241 oc-

506 3303 750 3362 cupatus,
767 3304 864 3358 pro
889 3287 994 3341 liJe
1017 3300 1142 3340 vera
1165 3299 1321 3352 quam
1351 3292 1522 3346 tenes,
1541 3282 1740 3335 nemini
1769 3279 2084 3343 blandiaris;

508 3394 563 3439 et
588 3381 850 3435 adversus
873 3393 989 3432 eam
1024 3391 1187 3430 canes
1215 3375 1568 3443 procedentes
1593 3388 1661 3427 ex
1690 3372 1905 3426 officina
1937 3387 2087 3424 men-

511 3471 649 3526 dacii
685 3471 881 3523 latrare
915 3464 1416 3535 prohibeaszspem
1461 3473 1602 3517 tuam
1649 3476 1853 3530 ponens
1899 3463 1951 3514 in
1999 3461 2094 3513 illo

513 3559 666 3628 cujus
690 3555 936 3626 potestati
967 3570 1125 3610 nemo
1154 3552 1360 3608 resistit
1395 3553 1646 3621 impune;
1677 3567 1835 3621 quem
1860 3552 1900 3606 si
1930 3551 2094 3605 oden-

516 3649 681 3711 dcris,
703 3647 818 3700 sine
841 3659 999 3700 causa
1025 3645 1094 3699 de
1117 3643 1456 3701 multitudine
1485 3644 1767 3712 prmsumis
1788 3644 2094 3704 exercitus;

518 3743 560 3795 si
592 3737 840 3793 habueris
871 3736 1181 3806 propitium,
1205 3750 1378 3804 neque
1404 3731 1631 3788 militem
1659 3735 1971 3800 superbum,
2005 3749 2097 3786 ne-

522 3844 626 3898 que
666 3826 954 3882 violentum
1008 3824 1221 3878 timebis
1277 3825 1506 3877 bouem.
1550 3822 1924 3891 Principaliter
1975 3837 2101 3890 ergo

521 3936 646 3976 cura
679 3919 770 3973 tibi
797 3919 864 3971 sit
894 3925 1152 3983 occupato
1178 3915 1500 3968 militaribus
1526 3915 1752 3979 actibus,
1781 3923 1840 3966 ut
1859 3912 1992 3966 fides
2015 3927 2102 3966 ca-

526 4010 724 4064 tholica
750 4023 959 4076 semper
978 4008 1153 4059 vincat
1174 4005 1512 4059 adversarios
1530 4017 1676 4057 suos.
1709 4002 1856 4056 llanc
1878 4001 2105 4054 defende

529 4105 670 4156 inter
691 4085 837 4153 arma
859 4108 914 4152 et
933 4097 1160 4167 gladios,
1188 4096 1326 4149 hanc
1353 4093 1614 4163 persuade
1643 4092 1909 4146 mentibus
1929 4106 2104 4144 arma-

530 4203 726 4245 torum.

605 4282 694 4337 1‘2.
728 4279 887 4334 Fides
923 4288 1098 4330 autem
1140 4274 1403 4330 catholica
1434 4282 1540 4340 est,
1583 4273 1757 4328 Patris
1801 4282 1856 4328 et
1894 4271 2012 4326 Filii
2059 4281 2112 4324 et

532 4377 766 4445 Spiritus
796 4371 967 4427 sancti
1000 4386 1156 4423 tutam
1191 4377 1376 4423 contra
1407 4369 1590 4427 Anum
1618 4368 1997 4431 substantiam,
2026 4365 2108 4419 vel

536 4468 846 4530 essentiam,
871 4475 977 4517 tres
997 4464 1256 4521 adversus
1287 4461 1576 4515 Sabellium
1609 4459 1898 4529 prmdicare
1930 4475 2115 4528 perso-

539 4578 670 4627 nas;
697 4568 754 4612 ttt
780 4575 900 4614 cum
926 4561 1060 4611 lene
1089 4555 1357 4610 intellecta
1388 4555 1546 4609 fuerit
1572 4553 1624 4608 in
1645 4553 1884 4608 essentia
1913 4554 2108 4616 unitas,

541 4654 593 4705 in
617 4649 858 4719 perSonis
891 4646 1206 4715 proprietas,
1231 4659 1358 4700 vera
1376 4659 1585 4714 quoque
1610 4646 1659 4697 in
1687 4644 1966 4712 majestate
1983 4645 2114 4695 ado-

539 4752 684 4797 retur
706 4738 999 4808 aaqnalitas.
1031 4736 1163 4790 Tres
1186 4732 1330 4791 enim
1353 4745 1496 4797 sunt,
1523 4736 1640 4804 quia
1665 4735 1800 4787 alius
1828 4742 1908 4786 est
1938 4733 2114 4797 Pater,

540 4833 672 4887 alius
702 4829 887 4893 Filius,
913 4828 1046 4881 alius
1074 4828 1308 4894 Spiritus
1337 4837 1572 4880 sanctus.
1598 4825 1704 4881 Scd
1735 4827 1786 4878 bi
1817 4835 1926 4879 tres
1957 4843 2117 4879 unum

540 4930 684 4985 sont,
715 4932 764 4974 et
789 4931 996 4972 summe
1022 4932 1184 4970 nuutn
1217 4925 1370 4981 sunt,
1397 4916 1517 4983 quia
1549 4915 1853 4983 singillatim
1879 4917 2013 4969 Deus
2039 4925 2120 4969 est

544 5013 720 5074 Pater,
751 5011 887 5062 Deus
913 5007 1097 5069 Filius,
1133 5007 1269 5060 Deus
1302 5007 1534 5075 Spiritus
1561 5016 1779 5060 sanctus
1809 5024 1820 5058 :
1851 5022 2022 5075 neque
2047 5020 2123 5062 ta-

546 5120 668 5159 men
703 5113 812 5156 tres
842 5101 943 5167 dii,
995 5099 1088 5154 sed
1119 5113 1253 5152 unus
1282 5109 1364 5154 est
1402 5099 1562 5166 Deus,
1607 5101 1674 5154 de
1704 5117 1809 5169 quo
1845 5101 2122 5170 Scriptnia

547 5203 728 5250 Sancta
770 5195 893 5246 dicit
925 5211 937 5245 :
966 5193 1122 5257 Audi,
1152 5191 1352 5258 Israel,
1386 5191 1636 5246 Dominus
1676 5193 1813 5247 Deus
1841 5205 1957 5248 tuus
1991 5194 2128 5250 Deus

549 5303 680 5338 unus
705 5294 778 5337 est
803 5283 982 5354 (Deut.
1009 5301 1084 5349 vt,
1117 5287 1200 5355 4).
1231 5283 1603 5354 Suspicionem
1637 5301 1867 5354 namque
1901 5289 2126 5343 solitarii

556 5380 645 5430 Dei
678 5386 919 5430 removet
947 5377 1200 5443 Trinitas,
1227 5386 1280 5431 et
1304 5393 1465 5431 unum
1496 5379 1657 5432 Deum
1679 5378 2022 5435 credentibus
2044 5397 2132 5437 os-

554 5467 723 5519 tendit
750 5480 852 5519 una
891 5466 1212 5521 substantia.
1251 5465 1368 5521 Non
1400 5468 1479 5522 sic
1511 5483 1635 5534 una,
1674 5478 1731 5522 nt
1762 5486 1856 5540 per
1890 5472 2130 5541 singulos

553 5557 867 5625 semiplena,
892 5557 945 5610 in
973 5560 1218 5612 omnibus
1250 5558 1342 5612 fiat
1373 5569 1500 5625 tota,
1544 5572 1596 5615 et
1626 5562 1745 5616 ideo
1768 5565 1840 5616 sit
1868 5579 2002 5629 una;
2034 5567 2128 5620 sed

555 5665 658 5704 una
682 5663 926 5714 numero,
959 5665 1177 5718 genere,
1212 5655 1429 5719 virtute,
1459 5655 1808 5723 plenitudine.
1828 5658 1996 5725 Quam
2021 5659 2130 5713 sic-

557 5754 614 5799 ut
646 5742 878 5799 hahetin
900 5744 1167 5810 omnibm,
1199 5747 1269 5800 ita
1297 5762 1399 5802 non
1431 5758 1577 5804 caret
1606 5751 1656 5803 in
1687 5751 1930 5820 singulis.
1964 5753 2132 5808 Tanta

559 5838 614 5896 in
643 5835 758 5894 solo
788 5834 965 5907 Patre,
989 5843 1188 5915 quanta
1211 5837 1264 5892 in
1291 5837 1424 5894 Filio
1446 5849 1496 5896 et
1520 5840 1720 5910 Spiritu
1744 5853 1960 5913 sancto;
1989 5854 2132 5903 tanta

2117 361 2390 424 DlACONl
2429 352 2781 414 σΑιιτιιΑε.
3570 335 3686 390 Οἱϐ

2104 485 2154 536 in
2189 479 2303 532 solo
2325 475 2486 536 Filio,
2516 477 2715 539 quanta
2737 463 2789 517 in
2816 461 2972 515 Patre
2994 469 3042 510 et
3073 453 3273 533 Spiritu
3298 461 3515 513 sancto;
3539 458 3686 502 tanta

2108 574 2160 626 in
2192 568 2392 639 Spiritu
2423 570 2632 624 sancto,
2684 559 2879 625 quanta
2925 551 2977 604 in
3025 546 3182 600 Patre
3212 552 3267 598 et
3307 542 3462 596 Filio.
3514 541 3690 594 Tanta

2107 633 2382 733 postremo
2406 655 2458 708 in
2487 647 2709 717 singulis
2737 657 2944 706 eorum,
2967 647 3166 709 quanta
3193 637 3246 689 in
3269 634 3497 689 duobus.
3524 633 3697 686 Tanta

2111 725 2164 808 in
2198 749 2434 810 duobus,
2463 749 2659 812 quanta
2691 739 2744 790 in
2775 735 2968 789 tribus.
2998 731 3170 784 Tanta
3201 728 3252 780 in
3284 725 3474 789 tribus,
3502 731 3701 793 quanta

2114 843 2167 896 in
2197 836 2436 906 singulis.
2468 830 2606 884 Nihil
2637 827 2832 896 quippe
2858 833 2936 876 est
2971 819 3044 872 ibi
3079 816 3335 887 gradibus
3362 813 3698 874 ordinatum,

2120 932 2255 988 nihil
2281 904 2539 998 qualitate
2570 918 2863 980 diversum,
2898 909 3028 988 nihil
3070 907 3367 977 quantitate
3396 904 3702 960 minimum,

2122 1021 2256 1078 nihil
2287 992 2405 1072 loco
2430 1015 2755 1080 separatum,
2790 1003 2920 1058 nihil
2953 1012 3192 1068 tempore
3225 995 3522 1067 posterius,
3567 992 3702 1046 nihil

2123 1100 2564 1168 itieflicax,.niltil
2595 1094 2866 1167 possibile.
2892 1091 2991 1146 Ubi
3026 1091 3128 1142 hoc
3163 1083 3533 1140 tantummodo
3565 1084 3707 1137 reci-

2127 1204 2210 1274 pit
2239 1195 2664 1254 distinctioncm,
2708 1185 2850 1257 quod
2878 1184 2941 1238 ad
2969 1182 3197 1236 invicem
3227 1180 3329 1234 sibi
3372 1187 3519 1245 sunt,
3553 1177 3712 1230 Pater

2131 1301 2336 1356 scilicet
2381 1295 2446 1348 ad
2489 1290 2706 1353 Filium,
2751 1284 2916 1339 Filius
2944 1280 3008 1333 ad
3044 1279 3276 1342 Patrem,
3312 1275 3544 1344 Spiritus
3581 1287 3706 1326 san--

2135 1403 2252 1448 ctus
2291 1388 2356 1442 ad
2388 1400 2482 1440 eos
2510 1383 2577 1438 de
2615 1379 2809 1449 quibus
2840 1384 2892 1428 et
2923 1387 3041 1427 cum
3084 1370 3275 1438 quibus
3305 1376 3360 1422 et
3404 1366 3566 1435 Spirit
3587 1381 3630 1419 IS
3666 1374 3719 1416 ot

2137 1489 2356 1539 sanctus
2394 1487 2511 1540 est,
2563 1481 2622 1527 ut
2664 1473 2778 1538 ipse
2826 1466 2974 1521 solus
3010 1465 3063 1518 in
3112 1462 3377 1516 Trinitate
3428 1457 3722 1529 appelletur

2140 1579 2392 1636 sanctus,
2423 1565 2807 1635 propriumque
2836 1559 2905 1612 sit
2942 1557 3111 1610 Patris
3140 1567 3415 1623 generare,
3450 1551 3726 1620 proprium

2143 1664 2265 1721 Filii
2299 1660 2468 1724 nasci,
2503 1654 2772 1726 proprium
2803 1649 3034 1717 Spiritus
3060 1646 3228 1700 sancti
3261 1643 3325 1697 de
3353 1654 3573 1710 utroque
3600 1653 3727 1710 prn-

2147 1755 2364 1811 cedere.
2406 1750 2566 1803 Pater
2605 1746 2803 1815 quippe
2850 1739 3006 1794 unius
3043 1736 3157 1791 Filii
3203 1745 3286 1790 est
3338 1733 3520 1794 Pater,
3564 1730 3735 1784 Filio-.-

2158 1845 2316 1898 unius
2343 1839 2516 1895 Patris
2547 1846 2629 1890 est
2660 1833 2849 1898 Fiius,
2883 1827 3113 1897 Spiritus
3139 1833 3360 1878 sanctus
3387 1830 3440 1875 et
3474 1818 3651 1874 Patris
3681 1826 3738 1872 et

2153 1934 2272 1991 Filii
2311 1942 2394 1988 est
2432 1927 2687 1995 Spiritus.
2729 1923 2810 1978 Ad
2861 1920 3032 1973 solum
3067 1917 3269 1971 Patrem
3303 1913 3620 1985 generatio,
3671 1910 3734 1961 ad

2153 2027 2328 2082 solum
2359 2021 2554 2076 Filium
2586 2015 2858 2076 nativitas,
2893 2010 2958 2064 ad
2989 2009 3164 2064 solum
3208 2003 3468 2072 Spiritum
3495 2011 3735 2055 sanetum

2157 2116 2386 2186 pertinet
2430 2111 2498 2165 de
2537 2117 2765 2176 utroque
2814 2101 3108 2172 processio.
3159 2095 3348 2152 Merito
3384 2095 3510 2148 dum
3557 2090 3743 2146 salutis

2161 2185 2208 2263 n:
2231 2219 2358 2261 stne
2405 2201 2702 2258 necessitas
2737 2202 3110 2265 exspectaret,
3161 2200 3220 2244 ut
3248 2196 3468 2259 propter
3499 2185 3741 2238 heu-ine;

2165 2297 2472 2356 liberandos
2517 2295 2661 2349 Deus
2701 2289 2862 2344 homo
2907 2294 3312 2340 nasceretur-ex
3365 2279 3604 2339 h-nnine,
3637 2291 3739 2330 nou

2168 2399 2250 2444 cst
2285 2397 2440 2442 natus
2469 2381 2766 2440 secundum
2796 2389 3010 2432 carnem
3043 2374 3222 2441 Pater,
3253 2369 3374 2441 quia
3407 2367 3575 2424 Filius
3611 2381 3744 2420 nun—

2179 2498 2340 2554 quam
2372 2480 2487 2544 fuit,
2521 2492 2625 2530 non
2655 2473 2883 2543 Spiritus
2914 2477 3157 2532 sanctus,
3202 2465 3294 2534 qui
3339 2479 3436 2518 nec
3471 2463 3630 2516 Pater
3659 2461 3754 2514 fuit

2184 2551 2471 2642 aliquando
2503 2581 2601 2622 nec
2621 2565 2808 2620 Filios.
2842 2560 2948 2615 Sed
2977 2567 3130 2612 natus
3151 2564 3234 2611 est
3264 2554 3428 2610 Filius
3449 2561 3506 2605 ut
3532 2552 3648 2619 ipse
3670 2551 3756 2602 lie-

2183 2673 2266 2720 ret
2296 2664 2435 2716 titius
2461 2657 2696 2730 Virginis
2727 2655 2934 2712 matris.
2975 2651 3065 2720 qui
3098 2659 3177 2704 est
3205 2646 3369 2702 Filius
3403 2646 3494 2699 Dei
3527 2643 3705 2699 Patris
3735 2660 3750 2696 ι

2179 2769 2232 2815 et
2267 2770 2360 2825 per
2391 2749 2738 2818 tetttporafem
2770 2746 3096 2800 nativitatem
3129 2740 3220 2793 Dei
3243 2737 3625 2806 omnipotentis
3664 2750 3761 2786 llll-

2184 2868 2210 2902 ιι
2236 2860 2359 2911 erus
2389 2843 2535 2897 nullo
2561 2839 2717 2895 modo
2751 2844 3018 2890 cresceret
3051 2834 3303 2896 filiarum,
3336 2842 3508 2894 neque
3535 2827 3672 2878 duos
3702 2826 3761 2876 ti-

2184 2942 2283 2992 lios
2329 2937 2526 2990 faceret
2578 2929 2716 2986 unici
2780 2927 2900 2981 Filii
2948 2923 3178 2980 secunda
3225 2920 3494 2975 nativitts.
3545 2917 3766 2970 Maxime

2189 3034 2312 3101 qu'a
2346 3028 2486 3082 idem
2516 3025 2629 3093 ipse
2655 3036 2788 3074 unus
2811 3019 2999 3083 Filius,
3025 3015 3358 3086 sempiterno
3390 3011 3531 3065 Patri
3561 3019 3782 3065 coaeter-

2188 3139 2307 3186 nus,
2348 3111 2844 3174 consubstantialis,
2882 3107 3128 3176 aequalis,
3160 3104 3520 3174 queatsolnm
3554 3107 3773 3167 Oporte-

2115 3246 2161 3307 Ο
2196 3217 2284 3268 hat
2311 3212 2470 3267 etiam
2508 3208 2671 3263 filium
2704 3202 2936 3257 hominis
2960 3199 3096 3263 fieri,
3129 3205 3412 3267 postquam
3440 3191 3589 3254 venit
3611 3191 3776 3260 pleni-

2277 3306 2283 3307 ⁷
2565 3299 2575 3307 ⁸
2700 3305 2706 3307 -
2779 3294 2788 3303 ⁸
2854 3291 2878 3307 τ’
2983 3299 2996 3307 ι
3046 3305 3097 3307 -μ
3133 3305 3156 3307 --
3191 3288 3351 3307 -μΙῖΑ-Α
3401 3284 3774 3307 _-.l-__......__-

2199 3306 2324 3358 tudo
2353 3299 2632 3367 temporis,
2659 3305 2714 3348 ut
2744 3294 2823 3346 vir
2852 3291 3002 3345 fieret
3037 3305 3098 3343 cx
3131 3288 3376 3346 muliere,
3401 3284 3780 3351 redempturus

2198 3397 2342 3449 viros
2370 3407 2433 3444 ac
2475 3387 2764 3448 mulieres,
2814 3383 2866 3436 in
2900 3396 3006 3434 uno
3046 3395 3174 3433 sexu
3221 3376 3584 3443 temporaliter
3628 3383 3782 3426 natus

2157 3537 2168 3544 .
2200 3495 2258 3539 ttt
2291 3491 2577 3549 utrumque
2601 3475 2831 3529 salvaret
2853 3512 2869 3536 ,
2904 3486 3066 3525 unum
3102 3467 3347 3537 eligendo
3385 3467 3436 3518 in
3463 3480 3572 3533 quo
3596 3477 3784 3516 nasce-

2201 3588 2367 3640 retur,
2397 3574 2559 3626 alium
2590 3568 2730 3622 unde
2758 3573 3091 3625 nasceretur,
3144 3560 3220 3614 ita
3258 3559 3494 3627 suscepit
3525 3555 3778 3609 substan-

2204 3668 2289 3720 tite
2335 3671 2533 3716 nostrae
2573 3657 2877 3735 veritatem,
2926 3668 2995 3707 ne
3042 3663 3286 3720 personae
3331 3663 3445 3702 sua:
3487 3647 3786 3715 duplicaret

2203 3753 2663 3826 singularitatem,
2707 3750 2928 3803 duarum
2985 3743 3403 3800 substantiarnm
3458 3742 3639 3810 gigas,
3688 3738 3784 3792 sel

2207 3853 2365 3907 unius
2401 3860 2575 3902 tamen
2623 3844 2971 3914 ejusdemque
3011 3854 3276 3908 personae.
3326 3836 3560 3892 Verbum
3593 3836 3792 3904 quippe

2207 3952 2331 3998 ante
2361 3953 2601 4001 Carnem,
2652 3950 2757 3989 una
2789 3943 2997 3996 natura,
3032 3941 3086 3986 et
3117 3946 3220 3986 una
3253 3945 3514 3999 persona;
3562 3926 3794 3981 Verbum

2211 4050 2340 4088 caro
2365 4032 2560 4085 factum
2582 4070 2596 4094 ,
2631 4027 2748 4082 dote
2776 4034 2982 4094 naturae
3005 4065 3018 4088 ,
3051 4031 3105 4078 et
3145 4037 3243 4076 una
3275 4035 3525 4089 peremta.
3562 4018 3793 4071 Verbum

2213 4133 2339 4179 ante
2368 4135 2610 4188 carnem,
2640 4115 2959 4172 homousion
2987 4115 3161 4178 Patri;
3192 4112 3417 4166 Verbum
3441 4125 3574 4164 caro
3603 4112 3799 4159 factum

2215 4213 2529 4267 homousion
2561 4222 2614 4262 et
2641 4208 2785 4260 Patri
2824 4215 2880 4260 et
2919 4205 3098 4258 matri.
3147 4200 3377 4258 Verbum
3417 4211 3546 4255 ante
3574 4213 3794 4252 carnem

2215 4305 2331 4360 sine
2371 4301 2524 4355 initio
2573 4301 2830 4368 temporis
2885 4297 3230 4350 inell'abiliter
3269 4294 3516 4363 genitus;
3562 4290 3793 4343 Verbum

2217 4411 2343 4450 caro
2375 4393 2584 4448 factum-
2604 4401 2881 4460 postquam
2908 4389 3050 4442 venit
3083 4385 3356 4458 plenitudo
3390 4384 3662 4452 temporis.
3695 4380 3802 4433 mi-

2222 4486 2460 4539 rabiliter
2493 4497 2544 4538 et
2590 4481 2953 4551 singulariter,
2997 4480 3114 4533 sine
3162 4477 3348 4530 morbo
3390 4473 3620 4529 libidinis
3667 4485 3801 4539 pro-

2223 4586 2457 4630 creatus.
2498 4575 2731 4629 Verbum
2757 4586 2883 4626 ante
2904 4586 3120 4626 carnem
3149 4582 3338 4622 novum
3363 4566 3627 4620 fabricatis
3650 4578 3812 4615 mun-

2224 4667 2383 4730 dum;
2431 4665 2662 4719 Verbum
2718 4677 2844 4718 caro
2899 4663 3117 4725 factum,
3171 4668 3481 4729 pereuntem
3533 4656 3815 4708 redimens

2229 4757 2503 4810 mundum.
2540 4754 2769 4806 Verbum
2793 4763 2916 4807 ante
2945 4768 3182 4815 carnem,
3216 4749 3390 4802 divina
3423 4747 3652 4800 faciens;
3681 4744 3815 4796 Vc!"

2232 4848 2353 4898 bunt
2384 4860 2509 4898 caro
2544 4848 2762 4906 factum,
2802 4844 2958 4896 simul
2987 4842 3167 4895 divina
3207 4839 3429 4904 facii-tn,
3461 4846 3516 4892 et
3555 4836 3818 4890 humana.

2232 4938 2496 5008 quomodo
2527 4937 2710 5004 voluit,
2739 4937 2966 5002 patiem.
3001 4934 3236 4988 Verbum
3267 4941 3391 4983 ante
3421 4943 3655 4989 carnem,
3685 4927 3817 4977 uni-

2234 5031 2441 5098 genitus
2499 5029 2672 5091 ltcus;
2733 5025 2960 5080 Verbum
3009 5040 3134 5079 caro
3193 5027 3408 5085 laetum,
3471 5017 3824 5074 Emmanuel.

2232 5123 2372 5189 qttod
2404 5121 2782 5188 interpretatur
2804 5118 3086 5172 Nobiscum
3116 5119 3280 5169 Dens.
3301 5115 3446 5169 Idem
3478 5125 3644 5164 tamen
3670 5109 3828 5175 ipsis,

2242 5211 2470 5264 Verbum
2503 5224 2630 5262 caro
2659 5211 2877 5269 factum,
2905 5208 2990 5275 qui
3021 5208 3168 5274 prius
3192 5208 3242 5259 in
3274 5204 3532 5272 ;-riucipio
3555 5208 3663 5254 erat
3694 5197 3833 5248 \‘isr.

2237 5302 2386 5366 bum,
2419 5308 2473 5354 ct
2498 5299 2725 5353 \‘erbutn
2754 5309 2872 5353 erat
2902 5301 3038 5366 apud
3074 5301 3276 5371 Deum,
3303 5306 3355 5350 ct
3387 5295 3524 5348 Dens
3543 5301 3649 5346 erat
3691 5291 3836 5342 Ver-

2239 5396 2362 5450 bum
2396 5411 2410 5448 :
2442 5393 2563 5463 quia
2617 5409 2719 5446 ron
2769 5393 2927 5445 homo
2972 5391 3144 5457 Deus,
3197 5389 3288 5443 sed
3341 5389 3480 5440 Deus
3528 5387 3696 5438 factus
3746 5390 3838 5434 est

2243 5491 2403 5540 homo
2437 5494 2489 5537 nt
2529 5482 2687 5537 homo
2731 5491 2871 5536 e~sct
2919 5483 3085 5546 Deus,
3135 5481 3185 5534 id
3225 5491 3304 5533 est
3349 5476 3595 5532 Christus
3629 5472 3833 5525 Jesns.

2247 5576 2344 5642 Qui
2371 5591 2486 5629 cum
2524 5576 2574 5627 in
2615 5575 2779 5640 forma
2813 5573 2908 5627 Dei
2948 5582 3103 5634 esset,
3156 5589 3254 5624 non
3283 5571 3518 5637 rapinam
3547 5563 3842 5617 arbitratus

2243 5677 2312 5720 est
2355 5683 2460 5719 esse
2496 5681 2550 5718 se
2587 5666 2831 5733 (squalent
2878 5663 3011 5728 Duo,
3052 5663 3140 5716 sed
3182 5663 3504 5729 semetipsum
3542 5655 3841 5709 exinaniri!

2243 5765 2460 5829 formant
2509 5761 2633 5813 servi
2688 5760 2940 5828 accipiens
2967 5799 2981 5822 ,
3033 5759 3084 5810 in
3131 5753 3514 5810 simifitndhtcm
3561 5748 3846 5800 hominum

2246 5851 2326 5920 {ac
2349 5867 2428 5921 us,
2452 5861 2498 5904 et
2526 5851 2697 5904 Ita’t'tn
2738 5850 2962 5902 iuri-ntus
3008 5859 3058 5901 ut
3100 5848 3268 5900 Immo.
3307 5845 3598 5899 Haurit-urit
3631 5853 3846 5894 sense;-
