3998 6202
316 363 412 426 9H

1515 362 1866 430 t;tnsrct..i;
1912 374 1994 426 ΕΤ
2031 365 2411 431 UPL‘SCIJLA.

3478 380 3585 435 9:”.

317 494 482 555 ipsum
511 491 673 556 factus
706 485 938 541 obediens
971 504 1124 557 usque
1170 489 1236 543 ad
1268 498 1501 554 Mortem,
1555 499 1767 543 mortem
1794 507 1894 542 απι-
1928 496 1969 549 Λ
2003 490 2329 557 temporibus
2365 490 2847 544 administrationis
2902 502 3006 545 tua
3045 493 3377 565 peccantium
3416 508 3580 564 syna-

316 590 414 631 tem
451 577 637 631 crucis.
675 575 891 647 Pr0pter
926 581 1066 647 quod
1100 590 1145 633 et
1197 578 1330 634 Dens
1373 582 1521 634 illum
1548 581 1809 645 exalturit,
1851 592 1899 633 et

318 669 525 721 donavit
555 669 601 719 ei
639 684 849 735 nomen,
881 672 1015 737 quod
1046 680 1117 722 est
1146 687 1299 737 super
1326 687 1471 723 omne
1495 687 1716 735 nomen;
1763 682 1814 723 ut
1847 672 1897 723 i-t

317 759 519 811 nomine
535 755 659 811 Jesn
683 775 830 813 omne
849 775 981 828 genu
998 763 1234 830 ﬂectatur
1255 763 1557 827 rwlestiunt,
1585 764 1899 815 terrestrium

319 860 365 903 et
402 850 764 917 infernarum;
799 860 844 903 et
882 852 1043 904 amnis
1085 852 1260 918 lingua
1303 853 1607 920 conﬁteatur
1643 856 1762 922 quia
1794 852 1901 906 Do-

319 942 482 994 minus
502 939 652 994 Iesus
685 940 915 995 Christus
944 943 995 994 in
1024 943 1189 1010 gloria
1212 954 1281 995 est
1311 940 1402 996 Dei
1436 942 1609 996 Patris
1634 942 1898 1014 (Philipp.

320 1048 377 1096 tl,
419 1030 590 1095 6-H}.

393 1144 481 1198 15.
514 1143 611 1198 llic
640 1154 722 1199 est
760 1145 1015 1199 Dominus
1044 1147 1232 1211 .lesus,
1266 1149 1354 1216 qui
1389 1147 1440 1202 in
1483 1148 1746 1204 Trinitate
1783 1164 1903 1217 per-

320 1234 458 1289 fecta
492 1235 656 1288 Filius
688 1237 1015 1302 nominatur,
1051 1236 1261 1305 quando
1306 1239 1356 1291 in
1405 1239 1621 1294 nomine
1654 1239 1829 1294 Patris
1850 1249 1905 1293 et

324 1326 441 1380 Filii
483 1337 538 1381 et
574 1327 804 1397 Spiritus
842 1332 1011 1383 sancti
1067 1330 1321 1397 baptizari
1361 1331 1634 1400 juhemur.
1680 1332 1774 1386 llic
1823 1342 1905 1386 est

322 1432 547 1488 magnus
577 1431 630 1475 et
659 1436 882 1489 parvus,
921 1424 1164 1477 excelsus
1198 1434 1250 1478 et
1282 1423 1516 1489 humilis,
1561 1425 1905 1495 impassibilis

322 1523 377 1566 et
417 1514 714 1580 passilsilis.
763 1514 1077 1570 immortalis
1121 1526 1177 1571 et
1216 1517 1478 1583 mortalis,
1529 1518 1646 1572 sine
1686 1527 1905 1587 peccato

325 1606 466 1659 inter
498 1605 747 1673 homines
777 1606 962 1659 vivens
992 1617 1044 1661 et
1074 1607 1628 1676 peccata‘hominibus
1651 1608 1859 1664 donans
1888 1627 1903 1663 :

324 1712 419 1763 per
444 1696 624 1750 omnia
660 1697 855 1751 similis
900 1699 1056 1751 nobis
1086 1699 1289 1767 absque
1325 1708 1561 1767 peccato,
1596 1710 1648 1753 et
1678 1714 1772 1768 per
1791 1715 1907 1754 om-

324 1787 410 1842 nia
443 1789 638 1844 similis
675 1791 839 1855 Patri,
870 1792 961 1860 qui
1009 1793 1161 1845 nobis
1192 1809 1311 1845 eum
1348 1793 1491 1845 misit
1522 1793 1573 1846 in
1602 1792 1906 1849 similitudi—

2002 595 2157 649 goga,
2192 589 2397 634 crescat
2428 596 2681 635 numerus
2711 582 3036 636 electorum.
3077 582 3132 636 Si
3177 583 3443 651 gloriosus
3470 584 3580 638 effi-

2000 672 2139 722 citnr
2176 669 2330 737 cujus
2372 669 2555 724 labore
2602 670 2887 724 dilatantur
2942 674 3073 726 tines
3117 672 3349 742 imperii,
3383 686 3582 742 quanto

2001 759 2097 812 erit
2126 760 2405 828 g’oriosior
2450 761 2602 827 cujus
2645 761 2825 815 latiore
2876 762 3137 817 οτιιιιοιιεα
3187 763 3575 833 multiplicatur

2005 850 2281 904 Ecclesia?
2326 849 2509 907 Gaude
2553 853 2617 905 ad
2654 850 2796 907 lucra
2828 854 3048 917 Christi,
3102 854 3225 909 dole
3266 856 3319 909 in
3367 855 3586 929 (ἥιρει)-

2003 940 2127 993 diis.
2176 942 2506 1011 Sempet'que
2538 944 2589 996 in
2622 945 2784 998 corde
2812 954 2900 999 tuo
2935 954 3146 1000 maneat
3185 948 3410 1014 apostoli
3446 948 3586 1003 Petti

2004 1041 2303 1106 sententia,
2356 1046 2619 1111 ptinctpes
2644 1044 2745 1097 sub
2777 1044 2873 1096 hac
2905 1044 3320 1112 interrogttione
3365 1047 3590 1112 cultan-

2004 1129 2106 1185 tis:
2135 1131 2251 1198 Cui,
2300 1133 2488 1201 inqttit,
2537 1133 2740 1188 obedire
2786 1135 3025 1205 opai-tet?
3054 1133 3161 1188 Deo
3206 1152 3270 1189 an
3299 1136 3586 1190 hominibus

2008 1221 2141 1293 (Act.
2172 1238 2222 1288 v,
2257 1223 2349 1293 29)
2372 1224 2394 1276 ?
2416 1226 2525 1278 lloc
2557 1225 2735 1293 itaque
2762 1235 2835 1285 tu.
2870 1225 2971 1278 dux
3006 1225 3197 1294 ﬁdelis,
3226 1226 3437 1296 quoties
3468 1228 3589 1282 tidii

2007 1324 2113 1370 tute
2142 1315 2323 1370 fervor
2352 1317 2603 1386 profanos
2635 1318 2829 1371 milites
2855 1317 3322 1383 scandalizat,ore
3348 1330 3403 1373 et
3429 1320 3593 1373 Cordo

2011 1407 2097 1461 dic
2129 1424 2141 1459 :
2171 1407 2266 1461 Cui
2313 1409 2533 1462 obedire
2556 1409 2804 1475 oportet?
2840 1409 2946 1463 Deo
2996 1414 3083 1463 an”
3111 1410 3446 1465 hominibus?
3489 1413 3591 1466 Re.

2007 1499 2306 1567 spondente
2334 1510 2507 1554 autem
2538 1500 2863 1554 conscientia
2893 1512 2976 1553 tua
3008 1518 3021 1552 :
3056 1501 3185 1566 Deo,
3212 1502 3451 1570 loquere,
3482 1503 3585 1570 fac,

2007 1592 2194 1647 ordina
2225 1592 2362 1660 quod
2394 1593 2566 1663 diligit
2596 1594 2764 1659 Deus;
2820 1604 2877 1648 ut
2907 1596 3208 1664 quicunque
3234 1594 3347 1665 jam
3377 1608 3592 1649 contra-

2011 1684 2072 1736 rii
2103 1683 2343 1737 veritatis
2373 1684 2631 1751 existunt,
2658 1692 2748 1737 ant
2777 1696 3069 1752 sequantur
3097 1684 3358 1751 volentes,
3387 1693 3479 1738 aut
3509 1702 3593 1738 rc-

2015 1783 2261 1828 maneant
2284 1788 2702 1842 murmnran'cs,
2723 1787 2774 1830 ct
2803 1776 2933 1830 nihil
2958 1776 3211 1831 adversus
3238 1778 3589 1832 orthodoxam

326 1897 447 1934 ne",
479 1883 657 1936 arms
692 1883 915 1950 μητερα⁸
963 1892 1019 1936 ει
1048 1882 1114 1935 de
1155 1892 1371 1950 peccat“
1417 1883 1689 1936 damnavi,
1719 1898 1909 1952 pacm,
1942 1868 1985 1925 Β
2014 1865 2330 1934 religionem
2364 1867 2622 1921 valen'cs.
2655 1867 2838 1936 Neque
2859 1868 3002 1921 enim
3035 1868 3224 1924 deesse
3258 1877 3506 1937 poterunt
3528 1886 3591 1923 cx

325 1984 439 2025 tum
466 1971 516 2024 in
542 1986 726 2026 carne.
763 1970 1031 2027 Veraeiter
1059 1982 1112 2027 et
1134 1972 1369 2042 proprie
1400 1972 1563 2027 Filius
1589 1974 1681 2029 Dei
1716 1975 1909 2039 Patris,

328 2063 595 2118 veraciter
617 2073 669 2116 et
699 2065 912 2130 proprie
940 2063 1105 2117 Filius
1131 2064 1360 2132 Virginis
1389 2067 1595 2119 matris.
1624 2068 1796 2134 Super
1814 2082 1915 2120 cm-

327 2156 406 2209 los
436 2156 541 2208 vita
568 2152 886 2226 virentium,
931 2170 1093 2225 super
1117 2168 1316 2211 terram
1348 2157 1611 2211 medicina
1647 2159 1903 2225 languen-

323 2244 484 2307 tium.
515 2243 657 2312 apud
684 2243 884 2300 inferos
913 2247 1240 2301 resurrectio
1270 2260 1625 2303 mortuorum.
1657 2249 1915 2304 Mediator

334 2337 425 2391 Dei
456 2345 511 2391 et
543 2337 844 2401 hominum,
876 2348 1096 2407 propter
1118 2339 1250 2393 duas
1281 2340 1629 2405 substantias,
1664 2342 1777 2396 sive
1819 2355 1917 2396 na-

327 2441 498 2496 turas,
531 2445 754 2499 quarum
779 2439 864 2487 est
892 2431 964 2486 illi
997 2446 1099 2485 una
1128 2447 1249 2486 cum
1283 2431 1412 2497 Deo,
1445 2433 1610 2488 altera
1634 2434 1912 2488 uobiscum

326 2537 357 2574 e
396 2520 655 2575 mmunis.
702 2521 757 2575 in
789 2536 892 2576 una
923 2521 1219 2592 eademque
1244 2537 1496 2591 persona,
1539 2524 1590 2576 in
1630 2539 1732 2594 qua
1756 2539 1915 2578 verus

325 2610 502 2667 factus
538 2622 616 2667 est
651 2613 936 2680 mediator,
982 2630 1089 2669 non
1124 2615 1327 2670 habens
1372 2616 1582 2671 initium
1609 2617 1823 2671 deitatis
1847 2617 1916 2671 de

332 2702 529 2767 Maria;
561 2703 655 2757 sed
690 2702 895 2758 habens
927 2703 1050 2759 inde
1084 2704 1362 2759 materiam
1401 2707 1577 2761 carnis
1608 2722 1768 2774 quam
1799 2720 1917 2761 sus-

329 2792 476 2862 cepit
517 2801 574 2847 ut
616 2803 950 2851 nasceretur.
990 2794 1204 2850 llabens
1234 2796 1399 2850 nostri
1431 2796 1644 2864 generis
1672 2810 1913 2863 carnem,

332 2899 438 2939 non
468 2886 689 2949 aeriam,
718 2901 823 2940 non
858 2888 1267 2956 phantasticam,
1302 2903 1405 2942 non
1438 2891 1504 2942 de
1532 2889 1672 2942 creto
1697 2888 1911 2959 deposi-

334 2987 468 3043 tam,
497 2993 600 3031 non
629 2979 841 3034 aliunde
868 2982 1057 3034 factam
1086 2998 1098 3033 :
1138 2983 1381 3047 quamvis
1408 2981 1716 3047 humanam,
1756 2982 1918 3037 nullis

328 3069 584 3124 sordibus
620 3070 896 3139 oziginalis
936 3070 1227 3140 iniquitatis
1258 3086 1321 3126 ex
1358 3072 1535 3141 aliqua
1565 3086 1713 3141 parte
1744 3073 1919 3143 pollu-

331 3170 462 3228 tam,
491 3175 593 3213 nou
627 3177 689 3214 ex
722 3161 995 3229 voluptate
1037 3161 1215 3215 carnis
1240 3173 1295 3217 et
1325 3163 1619 3231 sanguinis,
1654 3164 1747 3218 sed
1796 3163 1918 3232 Spi-

2015 1957 2184 2011 altera
2210 1966 2380 2025 parte,
2429 1958 2629 2025 quibus
2653 1958 2866 2026 placeas
2896 1960 2946 2013 in
2976 1975 3138 2029 opere
3167 1961 3338 2025 bono,
3366 1976 3588 2030 quorum

2015 2048 2178 2102 corda
2224 2050 2315 2102 tibi
2366 2051 2606 2104 tenacius
2641 2051 2954 2105 iuhmreant.
3013 2053 3219 2122 Ubique
3259 2052 3418 2109 habet
3462 2055 3496 2108 fi
3535 2072 3593 2110 cs

2016 2156 2138 2194 vera
2169 2142 2449 2196 dilectores
2472 2156 2617 2196 suos.
2643 2142 3043 2209 Quantnmlibet
3071 2144 3361 2198 exto'latur
3390 2143 3594 2214 iniiini-

2018 2242 2117 2295 tas,
2154 2232 2349 2285 veritas
2380 2232 2564 2286 vincit.
2594 2232 2700 2288 Sed
2732 2247 2899 2302 pone,
2931 2234 3038 2289 sint
3075 2234 3296 2288 forsitan
3325 2234 3379 2288 iu
3414 2238 3519 2289 mu!
3549 2239 3594 2289 i-

2018 2325 2200 2378 tndine
2247 2325 2512 2379 exercitus
2557 2325 2737 2394 plures
2784 2327 3044 2392 haeretici,
3098 2326 3257 2397 pauci
3295 2328 3542 2384 catholici
3580 2349 3592 2383 :

2019 2415 2185 2482 magis
2210 2426 2261 2468 te
2288 2423 2498 2483 OpOI‘ltl
2537 2416 2735 2471 viribus
2766 2415 3070 2473 fortissimis
3102 2418 3217 2478 niti.
3252 2428 3332 2487 ut,
3356 2420 3401 2475 si
3428 2422 3595 2490 gratia

2020 2503 2111 2556 Dei
2147 2506 2466 2573 respexerit,
2504 2520 2692 2561 omnes
2734 2507 2927 2562 milites
2957 2508 3282 2565 fortissimos
3314 2510 3475 2567 facias
3509 2528 3591 2566 ca-

2022 2595 2270 2665 tholicos,
2299 2607 2389 2651 aut
2416 2606 2563 2654 certe
2588 2614 2784 2667 paucos
2805 2601 3042 2656 dimittas
3068 2602 3368 2659 haereticos.
3398 2603 3591 2661 Parnm

2019 2689 2194 2742 adhuc
2228 2689 2436 2757 loquor.
2485 2690 2565 2745 Ad
2598 2691 2715 2745 illas
2756 2691 2984 2747 fortasse
3027 2694 3227 2750 missus
3250 2710 3310 2750 es
3352 2697 3597 2766 regiones

2021 2778 2108 2832 ubi
2141 2780 2346 2832 nullum
2381 2780 2618 2847 reperias
2662 2782 3044 2851 orthodoxam,
3070 2784 3151 2838 vel
3197 2795 3345 2841 certe
3385 2787 3596 2843 rarissi-

2023 2885 2139 2924 mus
2170 2885 2233 2926 ac
2265 2872 2512 2926 latentes.
2556 2871 2628 2925 lbi
2654 2887 2865 2943 quoque
2896 2874 3119 2929 viriliter
3147 2877 3349 2931 semina
3380 2877 3598 2934 verbum

2024 2962 2141 3014 vita;
2163 2962 2226 3014 ad
2252 2962 2471 3031 gloriam
2503 2960 2703 3017 Christi
2732 2981 2743 3015 :
2779 2964 3036 3035 redarguo
3066 2966 3459 3023 multitudinem
3483 2983 3610 3037 per-

2024 3050 2247 3104 fidorum
2291 3052 2408 3106 sine
2433 3053 2777 3118 verecundia,
2824 3054 2941 3108 sine
2971 3054 3271 3121 formidine,
3301 3056 3419 3112 sine
3443 3055 3596 3111 dubi-

2026 3144 2259 3209 tatione;
2293 3160 2392 3200 nec
2420 3144 2566 3214 prius
2597 3147 2799 3214 cogites
2829 3145 3095 3215 quomodo
3116 3161 3209 3201 eos
3241 3161 3393 3216 regas
3424 3146 3597 3217 impe-

331 3249 469 3305 ritus
508 3252 684 3306 saneti
728 3251 1140 3320 superveniente
1171 3258 1365 3307 virtute
1406 3253 1721 3318 formatam,
1757 3254 1916 3308 ratio-

2026 3234 2243 3290 rialibus
2273 3234 2499 3304 legibus,
2526 3236 2619 3291 sed
2661 3237 2933 3307 quomodo
2954 3237 3194 3307 corrigas
3223 3236 3450 3306 eloquiis
3491 3240 3597 3306 spi-

338 3342 583 3411 ualisque
623 3343 817 3397 animas
849 3343 1201 3410 insiiratione
1230 3344 1566 3398 vivificatam.
1601 3344 1823 3413 Proprie
1852 3358 1916 3398 ac

336 3433 602 3488 veraciter
636 3433 942 3497 humanam,
969 3435 1018 3487 id
1045 3437 1217 3489 estde
1248 3445 1436 3499 matre,
1466 3436 1561 3490 sed
1594 3443 1769 3490 tamen
1800 3437 1916 3489 sine

335 3523 552 3577 homine
602 3533 773 3591 patre.
824 3523 1262 3591 Corruptihilem,
1310 3526 1431 3594 quia
1480 3523 1695 3590 famem,
1746 3525 1913 3588 sitim,

334 3614 604 3679 dolorem,
638 3625 865 3670 mortem
896 3616 1190 3672 voluntarie
1219 3617 1467 3686 quidem,
1492 3617 1587 3671 sed
1624 3628 1798 3672 tamen
1821 3633 1916 3672 ve-
1967 3663 1970 3666 .

334 3704 531 3759 raciter
553 3706 740 3761 sensit.
766 3705 1255 3775 lncorruptibilem,
1281 3708 1404 3775 quia
1435 3705 1635 3759 nullius
1663 3707 1716 3759 iu
1738 3718 1799 3760 se
1826 3708 1919 3761 de-

336 3798 468 3861 licti,
500 3798 581 3853 vel
624 3799 931 3867 originalis,
984 3800 1065 3853 vel
1106 3800 1303 3866 proprii
1343 3797 1616 3852 stimulum
1656 3799 1914 3863 sentiens,

338 3891 611 3961 iniquitati
656 3894 799 3947 nulla
828 3894 1001 3947 victus
1034 3894 1328 3963 cupiditate
1371 3895 1663 3948 consensit.
1699 3894 1804 3948 Nec
1834 3910 1921 3949 se-

341 3986 483 4048 pulta
534 3985 703 4049 potuit
733 3985 1015 4052 pervenire
1052 3986 1116 4039 ad
1154 3985 1552 4053 corruptionem
1598 3986 1918 4053 putredinis,

338 4070 602 4126 beneﬂcio
645 4071 1101 4139 resurrectionis:
1134 4074 1348 4144 quando
1380 4083 1600 4143 portans
1641 4075 1921 4129 manubias

336 4162 630 4217 inferorum
657 4165 892 4219 surrexit
929 4165 1070 4219 idem
1097 4164 1213 4235 ipse
1237 4178 1451 4234 semper
1482 4180 1620 4219 unus
1650 4164 1918 4233 Christus,

342 4270 438 4321 per
465 4254 816 4325 quadraginta
857 4255 973 4309 dies
1002 4270 1123 4309 cum
1160 4254 1438 4323 discipulis
1480 4270 1630 4309 conv.
1653 4262 1920 4320 rsatutus,

339 4344 497 4402 etsit:
524 4345 589 4399 ad
613 4346 805 4399 castum
837 4345 1157 4399 mirabiliter
1182 4359 1523 4398 ascensurus.
1556 4344 1651 4399 Ubi
1675 4344 1834 4397 modo
1855 4342 1922 4396 ad

340 4433 617 4488 dexteram
667 4433 837 4487 Patris
882 4433 1058 4497 sedet,
1105 4441 1362 4487 venturus
1413 4433 1463 4487 in
1514 4430 1776 4496 claritate,
1827 4433 1916 4500 qui

345 4526 493 4591 prius
544 4533 758 4579 vetteral
812 4524 865 4578 in
913 4525 1212 4578 humilitate
1251 4524 1628 4591 :judicaturus
1674 4524 1823 4576 vivos
1872 4534 1925 4576 ct

2021 3323 2261 3379 ritalibus
2293 3342 2307 3377 :
2344 3326 2671 3396 territusque
2719 3327 2932 3383 nomine
2977 3328 3310 3382 auctoritatis
3361 3327 3605 3398 primitus

2018 3414 2272 3469 doctrinm
2295 3425 2495 3470 sancta:
2522 3432 2818 3488 repugnare
2854 3419 3159 3486 prohibeas,
3188 3418 3381 3474 deinde
3412 3419 3597 3489 paula-

2019 3508 2112 3559 tim
2135 3510 2439 3562 comentire
2485 3509 2733 3565 suadeas.
2788 3511 2924 3566 Utile
2956 3510 3048 3564 tibi
3084 3520 3165 3565 est
3193 3519 3337 3566 recta
3375 3512 3596 3574 sentire.

2018 3596 2061 3647 si
2092 3596 2140 3649 al
2164 3612 2224 3650 os
2253 3611 2467 3665 quoque
2498 3612 2605 3652 non
2634 3598 2854 3653 deseras
2877 3599 2928 3653 iu
2968 3601 3248 3668 pravitate.
3283 3602 3415 3657 Boni
3447 3602 3599 3657 ducis-

2020 3688 2269 3742 instantia
2321 3688 2634 3758 plerumque
2669 3690 2851 3744 multis
2889 3691 3116 3759 praabuit
3144 3694 3481 3748 occasionem
3510 3708 3598 3747 sa-

2019 3777 2166 3831 lutis.
2197 3777 2304 3833 Sed
2332 3779 2383 3849 si
2406 3778 2626 3833 forsitan
2658 3780 2913 3850 deSperas
2938 3780 3056 3835 illos
3082 3798 3239 3852 posse
3269 3784 3486 3849 salvari,
3511 3787 3602 3839 bn-

2022 3881 2148 3919 nuut
2185 3878 2267 3922 est
2296 3868 2457 3923 saluti
2484 3870 2856 3925 convenientia
2887 3871 3218 3940 praedicare;
3248 3873 3369 3942 quia
3400 3874 3603 3929 volun-

2024 3962 2184 4009 tatem
2222 3956 2366 4012 Deus
2389 3969 2631 4024 coronat,
2666 3975 2770 4014 non
2801 3960 3126 4016 facultatem.
3176 3963 3457 4021 Seminare
3484 3982 3600 4036 per-

2026 4046 2157 4099 tinet
2208 4047 2274 4099 ad
2320 4046 2556 4102 officium
2598 4050 2870 4119 diligentis
2920 4052 3201 4122 agricolae;
3259 4056 3475 4122 superni
3520 4068 3602 4111 cst

2025 4141 2261 4192 muneris
2304 4149 2359 4192 ut
2392 4148 2531 4195 terra
2561 4140 2859 4207 fructiﬁcet,
2892 4144 3134 4214 votisque
3160 4144 3380 4201 cultoris
3407 4145 3487 4201 sui
3520 4166 3599 4199 ri:-

2025 4230 2304 4297 Spondeat.
2339 4232 2446 4284 liae
2468 4234 2622 4301 plane
2650 4234 2793 4288 circa
2818 4234 3059 4289 subditos
3091 4251 3216 4290 usus
3245 4237 3501 4293 indusu'ia
3534 4242 3601 4291 fa.

2025 4322 2128 4377 cile
2167 4323 2329 4378 etiam
2372 4325 2720 4393 potestatibus
2764 4327 3106 4395 sublimibus,
3147 4340 3199 4384 et
3229 4330 3358 4399 ipsis
3383 4345 3603 4401 quorum

2035 4429 2257 4475 munere
2294 4416 2403 4470 dux
2430 4417 2650 4473 ell'ectus
2676 4433 2735 4474 es
2766 4418 3002 4490 regibus,
3033 4422 3077 4475 si
3102 4436 3204 4491 qua
3231 4420 3368 4478 forte
3396 4433 3607 4483 contra-

2029 4505 2107 4558 ria
2142 4521 2281 4562 vera:
2328 4506 2450 4563 fidei
2499 4509 2790 4576 senserint,
2840 4518 2895 4564 et
2932 4525 3039 4566 non
3068 4510 3261 4566 cedere
3302 4513 3521 4581 poteris,
3550 4526 3603 4565 et

343 4627 608 4679 mortuos.
663 4626 718 4669 t-t
768 4617 1122 4671 damnaturus
1184 4617 1527 4680 incredulos;
1582 4615 1916 4670 credentibus

2034 4613 2354 4667 repugnare,
2385 4608 2597 4667 paratus
2621 4600 2685 4654 ad
2715 4603 3024 4673 martyrium
3055 4602 3249 4658 disces.
3281 4603 3491 4671 Alioqui
3516 4606 3604 4670 qui

342 4728 474 4767 vero
506 4711 872 4766 remissionem
906 4723 1246 4780 peccatorum
1280 4712 1588 4782 largiturus,
1632 4722 1919 4767 aeternam-

340 4817 447 4871 que
471 4802 654 4864 vitam,
683 4803 726 4855 si
762 4811 937 4857 tamen
972 4803 1022 4855 in
1057 4802 1295 4856 Ecclesia
1321 4803 1583 4856 catholica
1614 4816 1922 4870 persevera-

344 4892 522 4947 verint
550 4894 617 4947 ab
642 4894 880 4947 omnium
910 4894 1157 4946 vitiorum
1188 4882 1506 4961 cuntagione
1534 4893 1791 4948 mandati.
1816 4890 1917 4946 Ca-

346 4983 543 5037 tholica
569 4987 765 5053 quippe
797 4983 1033 5039 Ecclesia
1060 4985 1221 5038 statio
1243 4993 1345 5051 est,
1373 4984 1461 5037 ubi
1486 4985 1705 5039 vulnera
1734 4995 1920 5040 nostra

348 5074 519 5126 bonus
551 5074 790 5128 medicus
816 5085 986 5128 sanat.
1022 5075 1190 5128 Filius
1221 5084 1303 5128 cst
1345 5074 1737 5140 promissionis.
1772 5077 1921 5139 uuis-

346 5163 467 5230 quis
495 5176 615 5218 eam
646 5178 812 5232 usque
840 5164 907 5217 ad
932 5163 1246 5219 effusionem
1278 5166 1549 5233 sanguinis
1580 5167 1832 5221 vindieat.

420 5255 511 5308 14.
538 5256 852 5323 Propterea,
902 5255 1007 5309 dux
1046 5256 1245 5323 Optime
1275 5265 1330 5309 et
1374 5256 1567 5320 fidelis,
1602 5269 1722 5311 tene
1748 5258 1923 5311 oatnia

346 5348 592 5413 dogmata
621 5345 756 5415 ejus,
802 5345 1052 5415 prmdica,
1100 5347 1328 5407 tindica.
1364 5348 1468 5400 duc
1495 5346 1561 5399 ad
1597 5362 1712 5400 eam
1746 5347 1927 5401 volen-

348 5450 462 5504 tes,
511 5442 775 5509 compelle
816 5441 1059 5496 nolentes
1085 5483 1098 5504 ,
1143 5456 1246 5494 non
1300 5442 1487 5496 dolore
1522 5442 1925 5510 suppliciorum,

349 5547 455 5584 non
480 5539 620 5585 metu
649 5531 809 5601 gladii
840 5533 1127 5596 satvicntis,
1161 5532 1255 5586 sed
1279 5532 1522 5587 modesta
1550 5534 1890 5601 correptione
1913 5577 1926 5598 ,

351 5630 406 5674 et
449 5618 731 5675 severitate
778 5622 928 5690 plena
980 5622 1303 5677 dilectionis.
1354 5620 1544 5675 Procul
1593 5621 1731 5676 absit
1773 5624 1932 5676 timor

351 5711 565 5764 diabolo
590 5712 844 5767 militans.
880 5714 1063 5769 Sciant
1096 5711 1332 5767 haeretici
1363 5711 1484 5781 quia
1513 5711 1805 5769 catholicus
1835 5728 1928 5780 es;

352 5804 526 5859 sciant
559 5805 805 5860 catholici
852 5806 977 5874 quia
1015 5806 1304 5863 detestaris
1349 5804 1657 5863 lucreticos.
1708 5805 1931 5862 Deﬁciat
1958 5874 1973 5881 -

2037 4694 2282 4741 metuens
2317 4688 2596 4743 inferiores
2626 4688 2917 4755 offendere,
2948 4693 3121 4746 minus
3148 4692 3454 4761 exsequitur
3480 4705 3605 4745 cau-

2025 4792 2137 4831 sam
2171 4778 2395 4846 propria:
2422 4779 2718 4850 religionis,
2737 4780 3003 4850 quomodo
3026 4782 3320 4836 met'ebitur
3340 4794 3459 4833 cum
3481 4794 3573 4847 pro
3595 4812 3603 4817 -

2027 4867 2183 4936 pheta
2212 4867 2375 4921 David
2406 4883 2637 4923 canere:
2672 4869 2939 4939 Loquebar
2978 4869 3042 4923 de
3079 4869 3383 4922 testimoniis
3426 4868 3524 4919 tuis
3553 4868 3607 4921 in

2028 4969 2298 5027 conspectu
2339 4975 2546 5030 rogum,
2596 4971 2642 5014 et
2681 4978 2782 5015 non
2832 4962 3181 5031 confundcltar
3232 4958 3364 5026 (Ps.
3409 4971 3603 5023 cst'ttt,

2028 5046 2199 5119 to)?

2103 5161 2189 5218 l5.
2231 5165 2275 5218 Ο
2313 5166 2359 5220 si
2405 5167 2530 5221 boni
2580 5168 2746 5221 duces
2790 5166 3087 5231 inciperent
3142 5165 3387 5218 humanis
3429 5164 3606 5219 divina

2035 5272 2364 5327 priaponere,
2398 5257 2644 5311 maximis
2670 5255 2945 5311 erroribus
2978 5253 3209 5308 remedia
3245 5254 3605 5322 providet-ent.

2035 5349 2164 5404 Late
2194 5358 2338 5417 patet
2368 5349 2535 5402 virtus~
2567 5349 2688 5410 ista,
2722 5362 2815 5415 per
2848 5346 2994 5413 plura
3019 5353 3073 5401 et
3101 5345 3245 5413 plura
3272 5344 3491 5412 iustitia:
3523 5345 3611 5399 iti-

2037 5456 2162 5495 nera
2218 5440 2475 5493 funditur.
2528 5437 2783 5492 Humanis
2826 5438 3001 5490 divina
3032 5452 3312 5506 prmpone;
3361 5445 3414 5490 et
3454 5436 3610 5491 vidua

2034 5531 2436 5600 oppressionem
2467 5544 2570 5584 non
2601 5527 2856 5597 perferat,
2893 5539 3107 5599 propter
3128 5543 3275 5597 spem
3308 5526 3441 5583 lucri
3467 5541 3603 5597 prte-

2036 5623 2324 5687 tereuntis;
2357 5622 2541 5692 pupilli
2573 5623 2869 5677 substantia
2902 5625 3095 5678 tutoris
3126 5623 3343 5678 minime
3373 5623 3610 5690 indigeat

2038 5713 2335 5778 beneficio;
2395 5714 2681 5783 pessimam
2740 5714 3018 5769 victoriam
3084 5713 3313 5783 iniustus
3379 5712 3612 5781 litigator

2039 5805 2278 5871 amittat;
2331 5805 2670 5863 sacerdotum
2714 5804 3159 5878 postulationibus
3190 5805 3417 5861 libenter
3456 5810 3607 5873 pate-
