  <div class='ocr_page' id='page_1' title='image "/cluster/home/n/w/nwhite01/storage/ocr_20150623/67/hvd.32044073505273/479.png"; bbox 0 0 4004 6198; ppageno 0'>
   <div class='ocr_carea' id='block_1_1' title="bbox 466 401 570 455">
    <p class='ocr_par' dir='ltr' id='par_1_1' title="bbox 466 401 570 455">
     <span class='ocr_line' id='line_1_1' title="bbox 466 401 570 455; baseline 0.01 -1"><span class='ocrx_word' id='word_1_1' title='bbox 466 401 570 455; x_wconf 65' lang='lat'><strong>5-33</strong></span> 
     </span>
    </p>
   </div>
   <div class='ocr_carea' id='block_1_2' title="bbox 462 498 2109 574">
    <p class='ocr_par' dir='ltr' id='par_1_2' title="bbox 462 498 2109 574">
     <span class='ocr_line' id='line_1_2' title="bbox 462 498 2109 574; baseline -0.01 -4"><span class='ocrx_word' id='word_1_2' title='bbox 462 521 578 570; x_wconf 86' lang='lat' dir='ltr'><strong>seat</strong></span> <span class='ocrx_word' id='word_1_3' title='bbox 604 512 828 566; x_wconf 87' lang='lat' dir='ltr'><strong>auditus.</strong></span> <span class='ocrx_word' id='word_1_4' title='bbox 849 506 1233 574; x_wconf 65' lang='lat' dir='ltr'><strong>Frequentutur</strong></span> <span class='ocrx_word' id='word_1_5' title='bbox 1257 501 1446 556; x_wconf 89' lang='lat' dir='ltr'><strong>oratio.</strong></span> <span class='ocrx_word' id='word_1_6' title='bbox 1478 499 1744 555; x_wconf 71' lang='lat' dir='ltr'><strong>Lectionis</strong></span> <span class='ocrx_word' id='word_1_7' title='bbox 1773 499 2027 560; x_wconf 84' lang='lat' dir='ltr'><strong>studium,</strong></span> <span class='ocrx_word' id='word_1_8' title='bbox 2066 498 2109 553; x_wconf 83' lang='lat' dir='ltr'><strong>A</strong></span> 
     </span>
    </p>
   </div>
   <div class='ocr_carea' id='block_1_3' title="bbox 461 588 2044 673">
    <p class='ocr_par' dir='ltr' id='par_1_3' title="bbox 461 588 2044 673">
     <span class='ocr_line' id='line_1_3' title="bbox 461 588 2044 673; baseline -0.012 -15"><span class='ocrx_word' id='word_1_9' title='bbox 461 601 704 673; x_wconf 78' lang='lat' dir='ltr'><strong>quamvis</strong></span> <span class='ocrx_word' id='word_1_10' title='bbox 747 596 978 666; x_wconf 84' lang='lat' dir='ltr'><strong>undique</strong></span> <span class='ocrx_word' id='word_1_11' title='bbox 1025 591 1461 662; x_wconf 60' lang='lat' dir='ltr'><strong>occupationibus</strong></span> <span class='ocrx_word' id='word_1_12' title='bbox 1512 589 1860 651; x_wconf 83' lang='lat' dir='ltr'><strong>irruentibus,</strong></span> <span class='ocrx_word' id='word_1_13' title='bbox 1923 588 2044 654; x_wconf 83' lang='lat' dir='ltr'><strong>igne</strong></span> 
     </span>
    </p>
   </div>
   <div class='ocr_carea' id='block_1_4' title="bbox 463 680 2040 756">
    <p class='ocr_par' dir='ltr' id='par_1_4' title="bbox 463 680 2040 756">
     <span class='ocr_line' id='line_1_4' title="bbox 463 680 2040 756; baseline -0.011 -9"><span class='ocrx_word' id='word_1_14' title='bbox 463 690 708 748; x_wconf 85' lang='lat' dir='ltr'><strong>desiderii</strong></span> <span class='ocrx_word' id='word_1_15' title='bbox 762 685 1015 756; x_wconf 77' lang='lat' dir='ltr'><strong>spiritalis</strong></span> <span class='ocrx_word' id='word_1_16' title='bbox 1075 680 1324 754; x_wconf 77' lang='lat' dir='ltr'><strong>(remota</strong></span> <span class='ocrx_word' id='word_1_17' title='bbox 1379 681 1698 752; x_wconf 89' lang='lat' dir='ltr'><strong>tepiditate)</strong></span> <span class='ocrx_word' id='word_1_18' title='bbox 1759 680 2040 734; x_wconf 65' lang='lat' dir='ltr'><strong>fervescat.</strong></span> 
     </span>
    </p>
   </div>
   <div class='ocr_carea' id='block_1_5' title="bbox 461 773 2044 850">
    <p class='ocr_par' dir='ltr' id='par_1_5' title="bbox 461 773 2044 850">
     <span class='ocr_line' id='line_1_5' title="bbox 461 773 2044 850; baseline -0.009 -12"><span class='ocrx_word' id='word_1_19' title='bbox 461 783 635 850; x_wconf 81' lang='lat' dir='ltr'><strong>Quare</strong></span> <span class='ocrx_word' id='word_1_20' title='bbox 662 781 804 837; x_wconf 89' lang='lat' dir='ltr'><strong>enim</strong></span> <span class='ocrx_word' id='word_1_21' title='bbox 853 780 958 834; x_wconf 82' lang='lat' dir='ltr'><strong>dux</strong></span> <span class='ocrx_word' id='word_1_22' title='bbox 1001 777 1233 846; x_wconf 87' lang='lat' dir='ltr'><strong>Optimus</strong></span> <span class='ocrx_word' id='word_1_23' title='bbox 1280 775 1530 845; x_wconf 92' lang='lat' dir='ltr'><strong>opprimit</strong></span> <span class='ocrx_word' id='word_1_24' title='bbox 1577 773 1828 828; x_wconf 82' lang='lat' dir='ltr'><strong>viduam?</strong></span> <span class='ocrx_word' id='word_1_25' title='bbox 1875 786 2044 846; x_wconf 84' lang='lat' dir='ltr'><strong>quare</strong></span> 
     </span>
    </p>
   </div>
   <div class='ocr_carea' id='block_1_6' title="bbox 461 863 2044 943">
    <p class='ocr_par' dir='ltr' id='par_1_6' title="bbox 461 863 2044 943">
     <span class='ocr_line' id='line_1_6' title="bbox 461 863 2044 943; baseline -0.008 -16"><span class='ocrx_word' id='word_1_26' title='bbox 461 873 718 943; x_wconf 88' lang='lat' dir='ltr'><strong>pupillum</strong></span> <span class='ocrx_word' id='word_1_27' title='bbox 749 870 866 924; x_wconf 59' lang='lat' dir='ltr'><strong>laedi</strong></span> <span class='ocrx_word' id='word_1_28' title='bbox 896 869 1056 924; x_wconf 86' lang='lat' dir='ltr'><strong>sinit?</strong></span> <span class='ocrx_word' id='word_1_29' title='bbox 1087 882 1251 938; x_wconf 89' lang='lat' dir='ltr'><strong>quare</strong></span> <span class='ocrx_word' id='word_1_30' title='bbox 1281 881 1378 935; x_wconf 91' lang='lat' dir='ltr'><strong>pro</strong></span> <span class='ocrx_word' id='word_1_31' title='bbox 1411 865 1613 935; x_wconf 87' lang='lat' dir='ltr'><strong>iniusto</strong></span> <span class='ocrx_word' id='word_1_32' title='bbox 1643 865 1909 935; x_wconf 80' lang='lat' dir='ltr'><strong>litigatore</strong></span> <span class='ocrx_word' id='word_1_33' title='bbox 1944 863 2044 932; x_wconf 83' lang='lat' dir='ltr'><strong>iu-</strong></span> 
     </span>
    </p>
   </div>
   <div class='ocr_carea' id='block_1_7' title="bbox 461 954 2047 1032">
    <p class='ocr_par' dir='ltr' id='par_1_7' title="bbox 461 954 2047 1032">
     <span class='ocr_line' id='line_1_7' title="bbox 461 954 2047 1032; baseline -0.009 -11"><span class='ocrx_word' id='word_1_34' title='bbox 461 966 642 1021; x_wconf 87' lang='lat' dir='ltr'><strong>dicat?</strong></span> <span class='ocrx_word' id='word_1_35' title='bbox 671 979 833 1032; x_wconf 86' lang='lat' dir='ltr'><strong>qua:e</strong></span> <span class='ocrx_word' id='word_1_36' title='bbox 861 961 1077 1017; x_wconf 91' lang='lat' dir='ltr'><strong>difﬁcile</strong></span> <span class='ocrx_word' id='word_1_37' title='bbox 1120 969 1214 1014; x_wconf 88' lang='lat' dir='ltr'><strong>aut</strong></span> <span class='ocrx_word' id='word_1_38' title='bbox 1257 974 1380 1014; x_wconf 88' lang='lat' dir='ltr'><strong>raro</strong></span> <span class='ocrx_word' id='word_1_39' title='bbox 1409 958 1474 1012; x_wconf 90' lang='lat' dir='ltr'><strong>ad</strong></span> <span class='ocrx_word' id='word_1_40' title='bbox 1524 957 1803 1012; x_wconf 83' lang='lat' dir='ltr'><strong>ecclesiam</strong></span> <span class='ocrx_word' id='word_1_41' title='bbox 1835 954 2047 1025; x_wconf 82' lang='lat' dir='ltr'><strong>pergit?</strong></span> 
     </span>
    </p>
   </div>
   <div class='ocr_carea' id='block_1_8' title="bbox 463 1045 2046 1126">
    <p class='ocr_par' dir='ltr' id='par_1_8' title="bbox 463 1045 2046 1126">
     <span class='ocr_line' id='line_1_8' title="bbox 463 1045 2046 1126; baseline -0.009 -14"><span class='ocrx_word' id='word_1_42' title='bbox 463 1073 630 1126; x_wconf 88' lang='lat' dir='ltr'><strong>quare</strong></span> <span class='ocrx_word' id='word_1_43' title='bbox 659 1071 762 1110; x_wconf 91' lang='lat' dir='ltr'><strong>non</strong></span> <span class='ocrx_word' id='word_1_44' title='bbox 790 1054 948 1124; x_wconf 83' lang='lat' dir='ltr'><strong>legit?</strong></span> <span class='ocrx_word' id='word_1_45' title='bbox 980 1052 1084 1106; x_wconf 83' lang='lat' dir='ltr'><strong>nisi</strong></span> <span class='ocrx_word' id='word_1_46' title='bbox 1112 1050 1234 1122; x_wconf 89' lang='lat' dir='ltr'><strong>quia</strong></span> <span class='ocrx_word' id='word_1_47' title='bbox 1261 1050 1456 1104; x_wconf 85' lang='lat' dir='ltr'><strong>divinis</strong></span> <span class='ocrx_word' id='word_1_48' title='bbox 1482 1049 1712 1102; x_wconf 92' lang='lat' dir='ltr'><strong>humana</strong></span> <span class='ocrx_word' id='word_1_49' title='bbox 1744 1045 2046 1116; x_wconf 68' lang='lat' dir='ltr'><strong>praeponit?</strong></span> 
     </span>
    </p>
   </div>
   <div class='ocr_carea' id='block_1_9' title="bbox 465 1137 2045 1218">
    <p class='ocr_par' dir='ltr' id='par_1_9' title="bbox 465 1137 2045 1218">
     <span class='ocr_line' id='line_1_9' title="bbox 465 1137 2045 1218; baseline -0.008 -14"><span class='ocrx_word' id='word_1_50' title='bbox 465 1151 720 1218; x_wconf 67' lang='lat' dir='ltr'><strong>Praepone</strong></span> <span class='ocrx_word' id='word_1_51' title='bbox 751 1163 878 1217; x_wconf 84' lang='lat' dir='ltr'><strong>ergo</strong></span> <span class='ocrx_word' id='word_1_52' title='bbox 924 1145 1104 1200; x_wconf 89' lang='lat' dir='ltr'><strong>divina</strong></span> <span class='ocrx_word' id='word_1_53' title='bbox 1154 1157 1366 1212; x_wconf 80' lang='lat' dir='ltr'><strong>semper</strong></span> <span class='ocrx_word' id='word_1_54' title='bbox 1411 1141 1688 1205; x_wconf 84' lang='lat' dir='ltr'><strong>humanis;</strong></span> <span class='ocrx_word' id='word_1_55' title='bbox 1741 1138 1920 1195; x_wconf 88' lang='lat' dir='ltr'><strong>omnia</strong></span> <span class='ocrx_word' id='word_1_56' title='bbox 1950 1137 2045 1192; x_wconf 86' lang='lat' dir='ltr'><strong>tibi</strong></span> 
     </span>
    </p>
   </div>
   <div class='ocr_carea' id='block_1_10' title="bbox 426 1230 2045 1315">
    <p class='ocr_par' dir='ltr' id='par_1_10' title="bbox 426 1230 2045 1315">
     <span class='ocr_line' id='line_1_10' title="bbox 426 1230 2045 1315; baseline -0.009 -17"><span class='ocrx_word' id='word_1_57' title='bbox 426 1293 445 1315; x_wconf 65' lang='grc'><em>,</em></span> <span class='ocrx_word' id='word_1_58' title='bbox 464 1243 726 1312; x_wconf 74' lang='lat' dir='ltr'><strong>religiosa:</strong></span> <span class='ocrx_word' id='word_1_59' title='bbox 753 1237 1046 1294; x_wconf 74' lang='lat' dir='ltr'><strong>voluntatis</strong></span> <span class='ocrx_word' id='word_1_60' title='bbox 1069 1246 1122 1293; x_wconf 86' lang='lat' dir='ltr'><strong>et</strong></span> <span class='ocrx_word' id='word_1_61' title='bbox 1143 1251 1304 1306; x_wconf 89' lang='lat' dir='ltr'><strong>opera</strong></span> <span class='ocrx_word' id='word_1_62' title='bbox 1336 1243 1390 1290; x_wconf 88' lang='lat' dir='ltr'><strong>et</strong></span> <span class='ocrx_word' id='word_1_63' title='bbox 1415 1234 1598 1299; x_wconf 87' lang='lat' dir='ltr'><strong>verba,</strong></span> <span class='ocrx_word' id='word_1_64' title='bbox 1633 1230 1878 1302; x_wconf 82' lang='lat' dir='ltr'><strong>quamvis</strong></span> <span class='ocrx_word' id='word_1_65' title='bbox 1904 1230 2045 1285; x_wconf 87' lang='lat' dir='ltr'><strong>inter</strong></span> 
     </span>
    </p>
   </div>
   <div class='ocr_carea' id='block_1_11' title="bbox 465 1327 2047 1409">
    <p class='ocr_par' dir='ltr' id='par_1_11' title="bbox 465 1327 2047 1409">
     <span class='ocr_line' id='line_1_11' title="bbox 465 1327 2047 1409; baseline -0.008 -21"><span class='ocrx_word' id='word_1_66' title='bbox 465 1335 724 1388; x_wconf 87' lang='lat' dir='ltr'><strong>militares</strong></span> <span class='ocrx_word' id='word_1_67' title='bbox 765 1341 951 1409; x_wconf 35' lang='lat' dir='ltr'><strong>actusn</strong></span> <span class='ocrx_word' id='word_1_68' title='bbox 982 1329 1126 1382; x_wconf 86' lang='lat' dir='ltr'><strong>salva</strong></span> <span class='ocrx_word' id='word_1_69' title='bbox 1172 1334 1350 1382; x_wconf 88' lang='lat' dir='ltr'><strong>erunt.</strong></span> <span class='ocrx_word' id='word_1_70' title='bbox 1399 1327 1876 1395; x_wconf 78' lang='lat' dir='ltr'><strong>Eleemosynarum</strong></span> <span class='ocrx_word' id='word_1_71' title='bbox 1919 1334 2047 1376; x_wconf 90' lang='lat' dir='ltr'><strong>vero</strong></span> 
     </span>
    </p>
   </div>
   <div class='ocr_carea' id='block_1_12' title="bbox 465 1419 2048 1495">
    <p class='ocr_par' dir='ltr' id='par_1_12' title="bbox 465 1419 2048 1495">
     <span class='ocr_line' id='line_1_12' title="bbox 465 1419 2048 1495; baseline -0.006 -11"><span class='ocrx_word' id='word_1_72' title='bbox 465 1427 782 1484; x_wconf 90' lang='lat' dir='ltr'><strong>sacriﬁcium</strong></span> <span class='ocrx_word' id='word_1_73' title='bbox 806 1425 926 1495; x_wconf 89' lang='lat' dir='ltr'><strong>quis</strong></span> <span class='ocrx_word' id='word_1_74' title='bbox 956 1427 1027 1478; x_wconf 90' lang='lat' dir='ltr'><strong>ita</strong></span> <span class='ocrx_word' id='word_1_75' title='bbox 1057 1435 1237 1492; x_wconf 89' lang='lat' dir='ltr'><strong>posset</strong></span> <span class='ocrx_word' id='word_1_76' title='bbox 1263 1422 1455 1477; x_wconf 59' lang='lat' dir='ltr'><strong>oﬁ’erre</strong></span> <span class='ocrx_word' id='word_1_77' title='bbox 1479 1422 1621 1475; x_wconf 86' lang='lat' dir='ltr'><strong>sicut</strong></span> <span class='ocrx_word' id='word_1_78' title='bbox 1649 1420 1755 1474; x_wconf 82' lang='lat' dir='ltr'><strong>dux</strong></span> <span class='ocrx_word' id='word_1_79' title='bbox 1783 1419 2048 1488; x_wconf 91' lang='lat' dir='ltr'><strong>optimus,</strong></span> 
     </span>
    </p>
   </div>
   <div class='ocr_carea' id='block_1_13' title="bbox 466 1510 2046 1584">
    <p class='ocr_par' dir='ltr' id='par_1_13' title="bbox 466 1510 2046 1584">
     <span class='ocr_line' id='line_1_13' title="bbox 466 1510 2046 1584; baseline -0.007 -13"><span class='ocrx_word' id='word_1_80' title='bbox 466 1517 549 1570; x_wconf 90' lang='lat' dir='ltr'><strong>cui</strong></span> <span class='ocrx_word' id='word_1_81' title='bbox 590 1513 902 1584; x_wconf 80' lang='lat' dir='ltr'><strong>magnitudo</strong></span> <span class='ocrx_word' id='word_1_82' title='bbox 957 1512 1236 1581; x_wconf 76' lang='lat' dir='ltr'><strong>potestatis</strong></span> <span class='ocrx_word' id='word_1_83' title='bbox 1279 1511 1612 1565; x_wconf 78' lang='lat' dir='ltr'><strong>abundantes</strong></span> <span class='ocrx_word' id='word_1_84' title='bbox 1652 1510 1853 1578; x_wconf 81' lang='lat' dir='ltr'><strong>praebet</strong></span> <span class='ocrx_word' id='word_1_85' title='bbox 1890 1523 2046 1562; x_wconf 84' lang='lat' dir='ltr'><strong>occa-</strong></span> 
     </span>
    </p>
   </div>
   <div class='ocr_carea' id='block_1_14' title="bbox 465 1599 2048 1666">
    <p class='ocr_par' dir='ltr' id='par_1_14' title="bbox 465 1599 2048 1666">
     <span class='ocr_line' id='line_1_14' title="bbox 465 1599 2048 1666; baseline -0.006 -5"><span class='ocrx_word' id='word_1_86' title='bbox 465 1607 644 1661; x_wconf 89' lang='lat' dir='ltr'><strong>siones</strong></span> <span class='ocrx_word' id='word_1_87' title='bbox 665 1602 1046 1659; x_wconf 71' lang='lat' dir='ltr'><strong>misericordia:</strong></span> <span class='ocrx_word' id='word_1_88' title='bbox 1074 1600 1393 1666; x_wconf 66' lang='lat' dir='ltr'><strong>tribuenda},</strong></span> <span class='ocrx_word' id='word_1_89' title='bbox 1422 1603 1466 1655; x_wconf 89' lang='lat' dir='ltr'><strong>si</strong></span> <span class='ocrx_word' id='word_1_90' title='bbox 1497 1609 1675 1655; x_wconf 87' lang='lat' dir='ltr'><strong>tamen</strong></span> <span class='ocrx_word' id='word_1_91' title='bbox 1708 1599 1882 1653; x_wconf 87' lang='lat' dir='ltr'><strong>divina</strong></span> <span class='ocrx_word' id='word_1_92' title='bbox 1911 1613 2048 1666; x_wconf 85' lang='lat' dir='ltr'><strong>prae-</strong></span> 
     </span>
    </p>
   </div>
   <div class='ocr_carea' id='block_1_15' title="bbox 468 1690 2049 1767">
    <p class='ocr_par' dir='ltr' id='par_1_15' title="bbox 468 1690 2049 1767">
     <span class='ocr_line' id='line_1_15' title="bbox 468 1690 2049 1767; baseline -0.003 -19"><span class='ocrx_word' id='word_1_93' title='bbox 468 1707 627 1767; x_wconf 82' lang='lat' dir='ltr'><strong>ponat</strong></span> <span class='ocrx_word' id='word_1_94' title='bbox 653 1696 899 1750; x_wconf 82' lang='lat' dir='ltr'><strong>humanis</strong></span> <span class='ocrx_word' id='word_1_95' title='bbox 923 1695 952 1748; x_wconf 82' lang='lat'><strong>?</strong></span> <span class='ocrx_word' id='word_1_96' title='bbox 992 1693 1070 1748; x_wconf 80' lang='lat' dir='ltr'><strong>An</strong></span> <span class='ocrx_word' id='word_1_97' title='bbox 1103 1693 1332 1749; x_wconf 84' lang='lat' dir='ltr'><strong>inaniter</strong></span> <span class='ocrx_word' id='word_1_98' title='bbox 1359 1692 1545 1745; x_wconf 85' lang='lat' dir='ltr'><strong>Daniel</strong></span> <span class='ocrx_word' id='word_1_99' title='bbox 1584 1692 1844 1761; x_wconf 83' lang='lat' dir='ltr'><strong>prepbcta</strong></span> <span class='ocrx_word' id='word_1_100' title='bbox 1876 1690 2049 1744; x_wconf 80' lang='lat' dir='ltr'><strong>Nabu-</strong></span> 
     </span>
    </p>
   </div>
   <div class='ocr_carea' id='block_1_16' title="bbox 465 1781 2047 1849">
    <p class='ocr_par' dir='ltr' id='par_1_16' title="bbox 465 1781 2047 1849">
     <span class='ocr_line' id='line_1_16' title="bbox 465 1781 2047 1849; baseline -0.006 -8"><span class='ocrx_word' id='word_1_101' title='bbox 465 1787 805 1842; x_wconf 63' lang='lat' dir='ltr'><strong>chodonosor</strong></span> <span class='ocrx_word' id='word_1_102' title='bbox 837 1783 965 1838; x_wconf 90' lang='lat' dir='ltr'><strong>dicit</strong></span> <span class='ocrx_word' id='word_1_103' title='bbox 997 1801 1007 1835; x_wconf 91' lang='lat'>:</span> <span class='ocrx_word' id='word_1_104' title='bbox 1040 1783 1323 1836; x_wconf 82' lang='lat' dir='ltr'><strong>Consilium</strong></span> <span class='ocrx_word' id='word_1_105' title='bbox 1357 1798 1523 1835; x_wconf 77' lang='lat' dir='ltr'><strong>meum</strong></span> <span class='ocrx_word' id='word_1_106' title='bbox 1553 1785 1752 1849; x_wconf 69' lang='lat' dir='ltr'><strong>pfaceat</strong></span> <span class='ocrx_word' id='word_1_107' title='bbox 1785 1781 1896 1846; x_wconf 83' lang='lat' dir='ltr'><strong>tibi,</strong></span> <span class='ocrx_word' id='word_1_108' title='bbox 1930 1795 2047 1844; x_wconf 78' lang='lat' dir='ltr'><strong>rex,</strong></span> 
     </span>
    </p>
   </div>
   <div class='ocr_carea' id='block_1_17' title="bbox 1390 355 2841 444">
    <p class='ocr_par' dir='ltr' id='par_1_17' title="bbox 1390 355 2841 444">
     <span class='ocr_line' id='line_1_17' title="bbox 1390 355 2841 444; baseline -0.004 0"><span class='ocrx_word' id='word_1_109' title='bbox 1390 387 1759 444; x_wconf 61' lang='lat' dir='ltr'><strong>rccoaxru</strong></span> <span class='ocrx_word' id='word_1_110' title='bbox 1797 355 2140 440; x_wconf 66' lang='lat' dir='ltr'><strong>rnnnauot</strong></span> <span class='ocrx_word' id='word_1_111' title='bbox 2183 383 2454 440; x_wconf 77' lang='lat' dir='ltr'><strong>DIACONI</strong></span> <span class='ocrx_word' id='word_1_112' title='bbox 2493 383 2841 440; x_wconf 75' lang='lat' dir='ltr'><strong>CARTHAG.</strong></span> 
     </span>
    </p>
   </div>
   <div class='ocr_carea' id='block_1_18' title="bbox 3627 388 3736 442">
    <p class='ocr_par' dir='ltr' id='par_1_18' title="bbox 3627 388 3736 442">
     <span class='ocr_line' id='line_1_18' title="bbox 3627 388 3736 442; baseline 0.018 -2"><span class='ocrx_word' id='word_1_113' title='bbox 3627 388 3736 442; x_wconf 47' lang='lat' dir='ltr'><strong>{his</strong></span> 
     </span>
    </p>
   </div>
   <div class='ocr_carea' id='block_1_19' title="bbox 2214 487 3733 564">
    <p class='ocr_par' dir='ltr' id='par_1_19' title="bbox 2214 487 3733 564">
     <span class='ocr_line' id='line_1_19' title="bbox 2214 487 3733 564; baseline -0.001 -15"><span class='ocrx_word' id='word_1_114' title='bbox 2214 496 2297 549; x_wconf 85' lang='lat' dir='ltr'><strong>l6.</strong></span> <span class='ocrx_word' id='word_1_115' title='bbox 2324 496 2618 551; x_wconf 80' lang='lat' dir='ltr'><strong>Pessimum</strong></span> <span class='ocrx_word' id='word_1_116' title='bbox 2652 487 2800 550; x_wconf 76' lang='lat' dir='ltr'><strong>nefas</strong></span> <span class='ocrx_word' id='word_1_117' title='bbox 2829 495 2952 550; x_wconf 79' lang='lat' dir='ltr'><strong>falsa</strong></span> <span class='ocrx_word' id='word_1_118' title='bbox 2977 494 3207 564; x_wconf 82' lang='lat' dir='ltr'><strong>iuratio,</strong></span> <span class='ocrx_word' id='word_1_119' title='bbox 3235 509 3288 550; x_wconf 89' lang='lat' dir='ltr'><strong>et</strong></span> <span class='ocrx_word' id='word_1_120' title='bbox 3310 498 3352 548; x_wconf 97' lang='lat' dir='ltr'><strong>si</strong></span> <span class='ocrx_word' id='word_1_121' title='bbox 3382 497 3542 564; x_wconf 81' lang='lat' dir='ltr'><strong>paulo</strong></span> <span class='ocrx_word' id='word_1_122' title='bbox 3573 498 3733 557; x_wconf 70' lang='lat' dir='ltr'><strong>altius</strong></span> 
     </span>
    </p>
   </div>
   <div class='ocr_carea' id='block_1_20' title="bbox 2147 585 3737 658">
    <p class='ocr_par' dir='ltr' id='par_1_20' title="bbox 2147 585 3737 658">
     <span class='ocr_line' id='line_1_20' title="bbox 2147 585 3737 658; baseline 0.004 -21"><span class='ocrx_word' id='word_1_123' title='bbox 2147 585 2479 651; x_wconf 83' lang='lat' dir='ltr'><strong>consideres,</strong></span> <span class='ocrx_word' id='word_1_124' title='bbox 2509 587 2710 641; x_wconf 86' lang='lat' dir='ltr'><strong>inutilis</strong></span> <span class='ocrx_word' id='word_1_125' title='bbox 2745 599 2978 655; x_wconf 85' lang='lat' dir='ltr'><strong>semper,</strong></span> <span class='ocrx_word' id='word_1_126' title='bbox 3013 587 3242 641; x_wconf 80' lang='lat' dir='ltr'><strong>maxime</strong></span> <span class='ocrx_word' id='word_1_127' title='bbox 3285 587 3588 641; x_wconf 73' lang='lat' dir='ltr'><strong>exercitum</strong></span> <span class='ocrx_word' id='word_1_128' title='bbox 3637 605 3737 658; x_wconf 79' lang='lat' dir='ltr'><strong>gu-</strong></span> 
     </span>
    </p>
   </div>
   <div class='ocr_carea' id='block_1_21' title="bbox 2148 675 3735 744">
    <p class='ocr_par' dir='ltr' id='par_1_21' title="bbox 2148 675 3735 744">
     <span class='ocr_line' id='line_1_21' title="bbox 2148 675 3735 744; baseline 0.003 -15"><span class='ocrx_word' id='word_1_129' title='bbox 2148 676 2518 730; x_wconf 63' lang='lat' dir='ltr'><strong>bernantibus.</strong></span> <span class='ocrx_word' id='word_1_130' title='bbox 2550 675 2819 730; x_wconf 81' lang='lat' dir='ltr'><strong>Mutabilia</strong></span> <span class='ocrx_word' id='word_1_131' title='bbox 2859 676 3004 731; x_wconf 85' lang='lat' dir='ltr'><strong>enim</strong></span> <span class='ocrx_word' id='word_1_132' title='bbox 3045 677 3298 744; x_wconf 88' lang='lat' dir='ltr'><strong>iuvenum</strong></span> <span class='ocrx_word' id='word_1_133' title='bbox 3339 677 3528 742; x_wconf 89' lang='lat' dir='ltr'><strong>corda,</strong></span> <span class='ocrx_word' id='word_1_134' title='bbox 3557 694 3735 734; x_wconf 84' lang='lat' dir='ltr'><strong>sacra-</strong></span> 
     </span>
    </p>
   </div>
   <div class='ocr_carea' id='block_1_22' title="bbox 2147 768 3733 838">
    <p class='ocr_par' dir='ltr' id='par_1_22' title="bbox 2147 768 3733 838">
     <span class='ocr_line' id='line_1_22' title="bbox 2147 768 3733 838; baseline 0.003 -15"><span class='ocrx_word' id='word_1_135' title='bbox 2147 773 2310 823; x_wconf 87' lang='lat' dir='ltr'><strong>menti</strong></span> <span class='ocrx_word' id='word_1_136' title='bbox 2360 770 2570 823; x_wconf 88' lang='lat' dir='ltr'><strong>vinculo</strong></span> <span class='ocrx_word' id='word_1_137' title='bbox 2619 770 2927 838; x_wconf 89' lang='lat' dir='ltr'><strong>frequenter</strong></span> <span class='ocrx_word' id='word_1_138' title='bbox 2979 768 3248 838; x_wconf 75' lang='lat' dir='ltr'><strong>ligantur,</strong></span> <span class='ocrx_word' id='word_1_139' title='bbox 3294 779 3356 822; x_wconf 86' lang='lat' dir='ltr'><strong>ut</strong></span> <span class='ocrx_word' id='word_1_140' title='bbox 3404 768 3508 824; x_wconf 85' lang='lat' dir='ltr'><strong>ﬁde</strong></span> <span class='ocrx_word' id='word_1_141' title='bbox 3553 771 3733 827; x_wconf 81' lang='lat' dir='ltr'><strong>stabili</strong></span> 
     </span>
    </p>
   </div>
   <div class='ocr_carea' id='block_1_23' title="bbox 2150 861 3728 932">
    <p class='ocr_par' dir='ltr' id='par_1_23' title="bbox 2150 861 3728 932">
     <span class='ocr_line' id='line_1_23' title="bbox 2150 861 3728 932; baseline 0.001 -16"><span class='ocrx_word' id='word_1_142' title='bbox 2150 863 2284 916; x_wconf 88' lang='lat' dir='ltr'><strong>bella</strong></span> <span class='ocrx_word' id='word_1_143' title='bbox 2316 863 2600 931; x_wconf 79' lang='lat' dir='ltr'><strong>suscipiant</strong></span> <span class='ocrx_word' id='word_1_144' title='bbox 2625 879 2638 927; x_wconf 91' lang='lat'><strong>;</strong></span> <span class='ocrx_word' id='word_1_145' title='bbox 2681 871 2736 917; x_wconf 87' lang='lat' dir='ltr'><strong>et.</strong></span> <span class='ocrx_word' id='word_1_146' title='bbox 2763 871 2886 916; x_wconf 90' lang='lat' dir='ltr'><strong>tunc</strong></span> <span class='ocrx_word' id='word_1_147' title='bbox 2916 861 3066 914; x_wconf 89' lang='lat' dir='ltr'><strong>ﬁrma</strong></span> <span class='ocrx_word' id='word_1_148' title='bbox 3097 862 3167 915; x_wconf 89' lang='lat' dir='ltr'><strong>sit</strong></span> <span class='ocrx_word' id='word_1_149' title='bbox 3192 863 3456 917; x_wconf 76' lang='lat' dir='ltr'><strong>securitas</strong></span> <span class='ocrx_word' id='word_1_150' title='bbox 3482 862 3728 932; x_wconf 82' lang='lat' dir='ltr'><strong>ducibus,</strong></span> 
     </span>
    </p>
   </div>
   <div class='ocr_carea' id='block_1_24' title="bbox 2144 949 3742 1024">
    <p class='ocr_par' dir='ltr' id='par_1_24' title="bbox 2144 949 3742 1024">
     <span class='ocr_line' id='line_1_24' title="bbox 2144 949 3742 1024; baseline 0.004 -16"><span class='ocrx_word' id='word_1_151' title='bbox 2144 953 2196 1009; x_wconf 73' lang='lat' dir='ltr'><strong>ei</strong></span> <span class='ocrx_word' id='word_1_152' title='bbox 2227 949 2504 1024; x_wconf 83' lang='lat' dir='ltr'><strong>religio-nis</strong></span> <span class='ocrx_word' id='word_1_153' title='bbox 2536 954 2694 1007; x_wconf 88' lang='lat' dir='ltr'><strong>timor</strong></span> <span class='ocrx_word' id='word_1_154' title='bbox 2722 953 2904 1022; x_wconf 86' lang='lat' dir='ltr'><strong>iurare</strong></span> <span class='ocrx_word' id='word_1_155' title='bbox 2950 953 3138 1007; x_wconf 88' lang='lat' dir='ltr'><strong>falsum</strong></span> <span class='ocrx_word' id='word_1_156' title='bbox 3185 969 3294 1007; x_wconf 90' lang='lat' dir='ltr'><strong>non</strong></span> <span class='ocrx_word' id='word_1_157' title='bbox 3335 958 3475 1009; x_wconf 88' lang='lat' dir='ltr'><strong>sinat</strong></span> <span class='ocrx_word' id='word_1_158' title='bbox 3514 956 3742 1014; x_wconf 66' lang='lat' dir='ltr'><strong>milites.</strong></span> 
     </span>
    </p>
   </div>
   <div class='ocr_carea' id='block_1_25' title="bbox 2148 1044 3739 1114">
    <p class='ocr_par' dir='ltr' id='par_1_25' title="bbox 2148 1044 3739 1114">
     <span class='ocr_line' id='line_1_25' title="bbox 2148 1044 3739 1114; baseline 0.004 -17"><span class='ocrx_word' id='word_1_159' title='bbox 2148 1044 2316 1109; x_wconf 90' lang='lat' dir='ltr'><strong>Quam</strong></span> <span class='ocrx_word' id='word_1_160' title='bbox 2348 1060 2507 1113; x_wconf 83' lang='lat' dir='ltr'><strong>grave</strong></span> <span class='ocrx_word' id='word_1_161' title='bbox 2538 1046 2714 1112; x_wconf 68' lang='lat' dir='ltr'><strong>itaque</strong></span> <span class='ocrx_word' id='word_1_162' title='bbox 2743 1055 2798 1100; x_wconf 92' lang='lat' dir='ltr'><strong>et</strong></span> <span class='ocrx_word' id='word_1_163' title='bbox 2825 1059 2982 1114; x_wconf 85' lang='lat' dir='ltr'><strong>quam</strong></span> <span class='ocrx_word' id='word_1_164' title='bbox 3012 1045 3402 1114; x_wconf 86' lang='lat' dir='ltr'><strong>perniciosum,</strong></span> <span class='ocrx_word' id='word_1_165' title='bbox 3436 1057 3492 1100; x_wconf 92' lang='lat' dir='ltr'><strong>ut</strong></span> <span class='ocrx_word' id='word_1_166' title='bbox 3518 1047 3739 1103; x_wconf 71' lang='lat' dir='ltr'><strong>videant-</strong></span> 
     </span>
    </p>
   </div>
   <div class='ocr_carea' id='block_1_26' title="bbox 2152 1133 3734 1205">
    <p class='ocr_par' dir='ltr' id='par_1_26' title="bbox 2152 1133 3734 1205">
     <span class='ocr_line' id='line_1_26' title="bbox 2152 1133 3734 1205; baseline 0.003 -19"><span class='ocrx_word' id='word_1_167' title='bbox 2152 1136 2234 1189; x_wconf 86' lang='lat' dir='ltr'><strong>vel</strong></span> <span class='ocrx_word' id='word_1_168' title='bbox 2264 1136 2498 1188; x_wconf 83' lang='lat' dir='ltr'><strong>sentiant</strong></span> <span class='ocrx_word' id='word_1_169' title='bbox 2528 1134 2667 1187; x_wconf 89' lang='lat' dir='ltr'><strong>solvi</strong></span> <span class='ocrx_word' id='word_1_170' title='bbox 2703 1133 2856 1188; x_wconf 89' lang='lat' dir='ltr'><strong>facile</strong></span> <span class='ocrx_word' id='word_1_171' title='bbox 2901 1144 3332 1200; x_wconf 75' lang='lat' dir='ltr'><strong>sacramentum,</strong></span> <span class='ocrx_word' id='word_1_172' title='bbox 3362 1135 3624 1205; x_wconf 83' lang='lat' dir='ltr'><strong>ducisque</strong></span> <span class='ocrx_word' id='word_1_173' title='bbox 3651 1140 3734 1191; x_wconf 90' lang='lat' dir='ltr'><strong>sui</strong></span> 
     </span>
    </p>
   </div>
   <div class='ocr_carea' id='block_1_27' title="bbox 2153 1225 3735 1295">
    <p class='ocr_par' dir='ltr' id='par_1_27' title="bbox 2153 1225 3735 1295">
     <span class='ocr_line' id='line_1_27' title="bbox 2153 1225 3735 1295; baseline 0.001 -15"><span class='ocrx_word' id='word_1_174' title='bbox 2153 1227 2443 1281; x_wconf 84' lang='lat' dir='ltr'><strong>invitentur</strong></span> <span class='ocrx_word' id='word_1_175' title='bbox 2478 1227 2728 1292; x_wconf 72' lang='lat' dir='ltr'><strong>exemplo</strong></span> <span class='ocrx_word' id='word_1_176' title='bbox 2760 1226 2875 1280; x_wconf 87' lang='lat' dir='ltr'><strong>leve</strong></span> <span class='ocrx_word' id='word_1_177' title='bbox 2903 1225 3172 1280; x_wconf 72' lang='lat' dir='ltr'><strong>aestimare</strong></span> <span class='ocrx_word' id='word_1_178' title='bbox 3202 1226 3530 1295; x_wconf 82' lang='lat' dir='ltr'><strong>periurium?</strong></span> <span class='ocrx_word' id='word_1_179' title='bbox 3571 1229 3735 1292; x_wconf 81' lang='lat' dir='ltr'><strong>Quid-</strong></span> 
     </span>
    </p>
   </div>
   <div class='ocr_carea' id='block_1_28' title="bbox 2155 1317 3734 1387">
    <p class='ocr_par' dir='ltr' id='par_1_28' title="bbox 2155 1317 3734 1387">
     <span class='ocr_line' id='line_1_28' title="bbox 2155 1317 3734 1387; baseline 0.001 -16"><span class='ocrx_word' id='word_1_180' title='bbox 2155 1319 2278 1387; x_wconf 86' lang='lat' dir='ltr'><strong>quid</strong></span> <span class='ocrx_word' id='word_1_181' title='bbox 2318 1317 2542 1386; x_wconf 87' lang='lat' dir='ltr'><strong>proinde</strong></span> <span class='ocrx_word' id='word_1_182' title='bbox 2569 1319 2875 1385; x_wconf 88' lang='lat' dir='ltr'><strong>juramento</strong></span> <span class='ocrx_word' id='word_1_183' title='bbox 2916 1317 3285 1373; x_wconf 74' lang='lat' dir='ltr'><strong>intercedente</strong></span> <span class='ocrx_word' id='word_1_184' title='bbox 3313 1317 3622 1387; x_wconf 84' lang='lat' dir='ltr'><strong>conﬁrmas,</strong></span> <span class='ocrx_word' id='word_1_185' title='bbox 3652 1336 3734 1372; x_wconf 80' lang='lat' dir='ltr'><strong>ra-</strong></span> 
     </span>
    </p>
   </div>
   <div class='ocr_carea' id='block_1_29' title="bbox 2157 1409 3734 1479">
    <p class='ocr_par' dir='ltr' id='par_1_29' title="bbox 2157 1409 3734 1479">
     <span class='ocr_line' id='line_1_29' title="bbox 2157 1409 3734 1479; baseline 0.003 -16"><span class='ocrx_word' id='word_1_186' title='bbox 2157 1420 2265 1463; x_wconf 86' lang='lat' dir='ltr'><strong>tum</strong></span> <span class='ocrx_word' id='word_1_187' title='bbox 2296 1424 2508 1478; x_wconf 77' lang='lat' dir='ltr'><strong>semper</strong></span> <span class='ocrx_word' id='word_1_188' title='bbox 2535 1409 2797 1476; x_wconf 86' lang='lat' dir='ltr'><strong>observa;</strong></span> <span class='ocrx_word' id='word_1_189' title='bbox 2828 1409 2944 1464; x_wconf 90' lang='lat' dir='ltr'><strong>sive</strong></span> <span class='ocrx_word' id='word_1_190' title='bbox 2975 1409 3188 1464; x_wconf 87' lang='lat' dir='ltr'><strong>inimico</strong></span> <span class='ocrx_word' id='word_1_191' title='bbox 3214 1412 3469 1479; x_wconf 81' lang='lat' dir='ltr'><strong>gratiam,</strong></span> <span class='ocrx_word' id='word_1_192' title='bbox 3498 1412 3611 1467; x_wconf 82' lang='lat' dir='ltr'><strong>sive</strong></span> <span class='ocrx_word' id='word_1_193' title='bbox 3639 1427 3734 1466; x_wconf 85' lang='lat' dir='ltr'><strong>ve-</strong></span> 
     </span>
    </p>
   </div>
   <div class='ocr_carea' id='block_1_30' title="bbox 2151 1501 3736 1575">
    <p class='ocr_par' dir='ltr' id='par_1_30' title="bbox 2151 1501 3736 1575">
     <span class='ocr_line' id='line_1_30' title="bbox 2151 1501 3736 1575; baseline 0.003 -21"><span class='ocrx_word' id='word_1_194' title='bbox 2151 1501 2292 1554; x_wconf 86' lang='lat' dir='ltr'><strong>niam</strong></span> <span class='ocrx_word' id='word_1_195' title='bbox 2324 1517 2436 1567; x_wconf 78' lang='lat' dir='ltr'><strong>reo,</strong></span> <span class='ocrx_word' id='word_1_196' title='bbox 2463 1502 2575 1556; x_wconf 85' lang='lat' dir='ltr'><strong>sive</strong></span> <span class='ocrx_word' id='word_1_197' title='bbox 2607 1501 2977 1556; x_wconf 85' lang='lat' dir='ltr'><strong>laborantibus</strong></span> <span class='ocrx_word' id='word_1_198' title='bbox 3009 1513 3183 1556; x_wconf 89' lang='lat' dir='ltr'><strong>tecum</strong></span> <span class='ocrx_word' id='word_1_199' title='bbox 3230 1505 3443 1570; x_wconf 73' lang='lat' dir='ltr'><strong>prmmia</strong></span> <span class='ocrx_word' id='word_1_200' title='bbox 3485 1505 3736 1575; x_wconf 79' lang='lat' dir='ltr'><strong>pollicea-</strong></span> 
     </span>
    </p>
   </div>
   <div class='ocr_carea' id='block_1_31' title="bbox 2153 1589 3730 1658">
    <p class='ocr_par' dir='ltr' id='par_1_31' title="bbox 2153 1589 3730 1658">
     <span class='ocr_line' id='line_1_31' title="bbox 2153 1589 3730 1658; baseline 0.003 -16"><span class='ocrx_word' id='word_1_201' title='bbox 2153 1590 2258 1654; x_wconf 91' lang='lat' dir='ltr'><strong>ris;</strong></span> <span class='ocrx_word' id='word_1_202' title='bbox 2287 1597 2343 1642; x_wconf 89' lang='lat' dir='ltr'><strong>et</strong></span> <span class='ocrx_word' id='word_1_203' title='bbox 2369 1589 2490 1655; x_wconf 86' lang='lat' dir='ltr'><strong>hoc,</strong></span> <span class='ocrx_word' id='word_1_204' title='bbox 2518 1589 2756 1643; x_wconf 75' lang='lat' dir='ltr'><strong>adhibita</strong></span> <span class='ocrx_word' id='word_1_205' title='bbox 2785 1589 3120 1645; x_wconf 88' lang='lat' dir='ltr'><strong>invocatione</strong></span> <span class='ocrx_word' id='word_1_206' title='bbox 3150 1592 3381 1646; x_wconf 71' lang='lat' dir='ltr'><strong>nominis</strong></span> <span class='ocrx_word' id='word_1_207' title='bbox 3413 1593 3530 1658; x_wconf 89' lang='lat' dir='ltr'><strong>Dei,</strong></span> <span class='ocrx_word' id='word_1_208' title='bbox 3559 1596 3730 1648; x_wconf 84' lang='lat' dir='ltr'><strong>credi-</strong></span> 
     </span>
    </p>
   </div>
   <div class='ocr_carea' id='block_1_32' title="bbox 2153 1679 3734 1751">
    <p class='ocr_par' dir='ltr' id='par_1_32' title="bbox 2153 1679 3734 1751">
     <span class='ocr_line' id='line_1_32' title="bbox 2153 1679 3734 1751; baseline 0.003 -17"><span class='ocrx_word' id='word_1_209' title='bbox 2153 1679 2258 1734; x_wconf 85' lang='lat' dir='ltr'><strong>bile</strong></span> <span class='ocrx_word' id='word_1_210' title='bbox 2285 1679 2446 1734; x_wconf 86' lang='lat' dir='ltr'><strong>l&#39;acias</strong></span> <span class='ocrx_word' id='word_1_211' title='bbox 2469 1681 2772 1749; x_wconf 88' lang='lat' dir='ltr'><strong>operando;</strong></span> <span class='ocrx_word' id='word_1_212' title='bbox 2802 1681 3000 1736; x_wconf 83' lang='lat' dir='ltr'><strong>nullius</strong></span> <span class='ocrx_word' id='word_1_213' title='bbox 3023 1682 3264 1737; x_wconf 83' lang='lat' dir='ltr'><strong>utilitatis</strong></span> <span class='ocrx_word' id='word_1_214' title='bbox 3285 1683 3734 1751; x_wconf 57' lang='lat' dir='ltr'><strong>consideration,</strong></span> 
     </span>
    </p>
   </div>
   <div class='ocr_carea' id='block_1_33' title="bbox 2154 1771 3740 1840">
    <p class='ocr_par' dir='ltr' id='par_1_33' title="bbox 2154 1771 3740 1840">
     <span class='ocr_line' id='line_1_33' title="bbox 2154 1771 3740 1840; baseline 0.004 -16"><span class='ocrx_word' id='word_1_215' title='bbox 2154 1771 2350 1826; x_wconf 85' lang='lat' dir='ltr'><strong>nullius</strong></span> <span class='ocrx_word' id='word_1_216' title='bbox 2379 1772 2595 1840; x_wconf 88' lang='lat' dir='ltr'><strong>periculi</strong></span> <span class='ocrx_word' id='word_1_217' title='bbox 2626 1772 2911 1827; x_wconf 86' lang='lat' dir='ltr'><strong>formidine</strong></span> <span class='ocrx_word' id='word_1_218' title='bbox 2932 1773 3097 1828; x_wconf 89' lang='lat' dir='ltr'><strong>debes</strong></span> <span class='ocrx_word' id='word_1_219' title='bbox 3121 1771 3324 1829; x_wconf 88' lang='lat' dir='ltr'><strong>irritum</strong></span> <span class='ocrx_word' id='word_1_220' title='bbox 3350 1775 3541 1830; x_wconf 88' lang='lat' dir='ltr'><strong>facere.</strong></span> <span class='ocrx_word' id='word_1_221' title='bbox 3570 1777 3740 1831; x_wconf 81' lang='lat' dir='ltr'><strong>Fixus</strong></span> 
     </span>
    </p>
   </div>
   <div class='ocr_carea' id='block_1_34' title="bbox 465 1861 3737 1950">
    <p class='ocr_par' dir='ltr' id='par_1_34' title="bbox 465 1861 3737 1950">
     <span class='ocr_line' id='line_1_34' title="bbox 465 1861 3737 1950; baseline -0.006 -13"><span class='ocrx_word' id='word_1_222' title='bbox 465 1893 511 1937; x_wconf 85' lang='lat' dir='ltr'><strong>et</strong></span> <span class='ocrx_word' id='word_1_223' title='bbox 543 1890 754 1950; x_wconf 83' lang='lat' dir='ltr'><strong>peccata</strong></span> <span class='ocrx_word' id='word_1_224' title='bbox 799 1891 884 1934; x_wconf 84' lang='lat' dir='ltr'><strong>tua</strong></span> <span class='ocrx_word' id='word_1_225' title='bbox 914 1878 1241 1947; x_wconf 71' lang='lat' dir='ltr'><strong>elemosynis</strong></span> <span class='ocrx_word' id='word_1_226' title='bbox 1272 1877 1482 1941; x_wconf 83' lang='lat' dir='ltr'><strong>redime,</strong></span> <span class='ocrx_word' id='word_1_227' title='bbox 1524 1885 1568 1927; x_wconf 84' lang='lat' dir='ltr'><strong>et</strong></span> <span class='ocrx_word' id='word_1_228' title='bbox 1607 1874 1887 1945; x_wconf 61' lang='lat' dir='ltr'><strong>injustitias</strong></span> <span class='ocrx_word' id='word_1_229' title='bbox 1937 1883 2050 1925; x_wconf 85' lang='lat' dir='ltr'><strong>tuas</strong></span> <span class='ocrx_word' id='word_1_230' title='bbox 2082 1863 2130 1922; x_wconf 88' lang='grc' dir='ltr'><strong>Β</strong></span> <span class='ocrx_word' id='word_1_231' title='bbox 2156 1862 2225 1916; x_wconf 76' lang='lat' dir='ltr'><strong>Sil</strong></span> <span class='ocrx_word' id='word_1_232' title='bbox 2252 1871 2304 1915; x_wconf 78' lang='lat' dir='ltr'><strong>el</strong></span> <span class='ocrx_word' id='word_1_233' title='bbox 2336 1861 2676 1916; x_wconf 76' lang='lat' dir='ltr'><strong>immutabilis</strong></span> <span class='ocrx_word' id='word_1_234' title='bbox 2702 1875 2914 1928; x_wconf 69' lang='grc' dir='ltr'><strong>εει-1110⁸,</strong></span> <span class='ocrx_word' id='word_1_235' title='bbox 2946 1861 3098 1931; x_wconf 83' lang='lat' dir='ltr'><strong>cuius</strong></span> <span class='ocrx_word' id='word_1_236' title='bbox 3128 1863 3267 1924; x_wconf 16' lang='lat' dir='ltr'><strong>ﬁdei,</strong></span> <span class='ocrx_word' id='word_1_237' title='bbox 3295 1866 3446 1918; x_wconf 87' lang='lat' dir='ltr'><strong>testis</strong></span> <span class='ocrx_word' id='word_1_238' title='bbox 3471 1874 3557 1918; x_wconf 87' lang='lat' dir='ltr'><strong>est</strong></span> <span class='ocrx_word' id='word_1_239' title='bbox 3581 1868 3737 1919; x_wconf 83' lang='lat' dir='ltr'><strong>adbi-</strong></span> 
     </span>
    </p>
   </div>
   <div class='ocr_carea' id='block_1_35' title="bbox 466 1963 2048 2034">
    <p class='ocr_par' dir='ltr' id='par_1_35' title="bbox 466 1963 2048 2034">
     <span class='ocr_line' id='line_1_35' title="bbox 466 1963 2048 2034; baseline -0.007 -10"><span class='ocrx_word' id='word_1_240' title='bbox 466 1970 876 2025; x_wconf 81' lang='lat' dir='ltr'><strong>miseratiauibus</strong></span> <span class='ocrx_word' id='word_1_241' title='bbox 916 1983 1202 2034; x_wconf 82' lang='lat' dir='ltr'><strong>pauperum</strong></span> <span class='ocrx_word' id='word_1_242' title='bbox 1229 1982 1247 2031; x_wconf 88' lang='lat'><strong>;</strong></span> <span class='ocrx_word' id='word_1_243' title='bbox 1275 1975 1321 2018; x_wconf 80' lang='lat' dir='ltr'><strong>et</strong></span> <span class='ocrx_word' id='word_1_244' title='bbox 1349 1965 1441 2017; x_wconf 80' lang='lat' dir='ltr'><strong>erit</strong></span> <span class='ocrx_word' id='word_1_245' title='bbox 1475 1963 1614 2017; x_wconf 83' lang='lat' dir='ltr'><strong>Deus</strong></span> <span class='ocrx_word' id='word_1_246' title='bbox 1643 1980 1851 2031; x_wconf 62' lang='grc' dir='ltr'><strong>μηνί-ρης</strong></span> <span class='ocrx_word' id='word_1_247' title='bbox 1873 1979 2048 2032; x_wconf 62' lang='lat' dir='ltr'><strong>prcca-</strong></span> 
     </span>
    </p>
   </div>
   <div class='ocr_carea' id='block_1_36' title="bbox 465 2055 2045 2130">
    <p class='ocr_par' dir='ltr' id='par_1_36' title="bbox 465 2055 2045 2130">
     <span class='ocr_line' id='line_1_36' title="bbox 465 2055 2045 2130; baseline -0.007 -13"><span class='ocrx_word' id='word_1_248' title='bbox 465 2064 530 2117; x_wconf 68' lang='grc' dir='ltr'><strong><em>εἰς</em></strong></span> <span class='ocrx_word' id='word_1_249' title='bbox 556 2063 656 2115; x_wconf 83' lang='lat' dir='ltr'><strong>tuis</strong></span> <span class='ocrx_word' id='word_1_250' title='bbox 677 2061 838 2130; x_wconf 87' lang='lat' dir='ltr'><strong>(Dan.</strong></span> <span class='ocrx_word' id='word_1_251' title='bbox 871 2075 942 2126; x_wconf 88' lang='lat' dir='ltr'><strong>tv,</strong></span> <span class='ocrx_word' id='word_1_252' title='bbox 966 2058 1093 2127; x_wconf 65' lang='lat'><strong>94)?</strong></span> <span class='ocrx_word' id='word_1_253' title='bbox 1124 2059 1222 2112; x_wconf 91' lang='lat' dir='ltr'><strong>nisi</strong></span> <span class='ocrx_word' id='word_1_254' title='bbox 1256 2057 1506 2126; x_wconf 88' lang='lat' dir='ltr'><strong>quoniam</strong></span> <span class='ocrx_word' id='word_1_255' title='bbox 1532 2055 1920 2123; x_wconf 80' lang='lat' dir='ltr'><strong>potrn&#39;ioribus</strong></span> <span class='ocrx_word' id='word_1_256' title='bbox 1950 2069 2045 2122; x_wconf 87' lang='lat' dir='ltr'><strong>po-</strong></span> 
     </span>
    </p>
   </div>
   <div class='ocr_carea' id='block_1_37' title="bbox 464 2148 2046 2218">
    <p class='ocr_par' dir='ltr' id='par_1_37' title="bbox 464 2148 2046 2218">
     <span class='ocr_line' id='line_1_37' title="bbox 464 2148 2046 2218; baseline -0.006 -10"><span class='ocrx_word' id='word_1_257' title='bbox 464 2154 663 2209; x_wconf 82' lang='lat' dir='ltr'><strong>tentior</strong></span> <span class='ocrx_word' id='word_1_258' title='bbox 714 2161 794 2206; x_wconf 92' lang='lat' dir='ltr'><strong>cst</strong></span> <span class='ocrx_word' id='word_1_259' title='bbox 829 2152 1060 2206; x_wconf 82' lang='lat' dir='ltr'><strong>facilitas</strong></span> <span class='ocrx_word' id='word_1_260' title='bbox 1101 2148 1606 2218; x_wconf 88' lang='lat' dir='ltr'><strong>eleemosynarum?</strong></span> <span class='ocrx_word' id='word_1_261' title='bbox 1644 2148 1846 2213; x_wconf 83' lang='lat' dir='ltr'><strong>Quibus</strong></span> <span class='ocrx_word' id='word_1_262' title='bbox 1886 2148 2046 2200; x_wconf 88' lang='lat' dir='ltr'><strong>etiam</strong></span> 
     </span>
    </p>
   </div>
   <div class='ocr_carea' id='block_1_38' title="bbox 464 2240 2048 2312">
    <p class='ocr_par' dir='ltr' id='par_1_38' title="bbox 464 2240 2048 2312">
     <span class='ocr_line' id='line_1_38' title="bbox 464 2240 2048 2312; baseline -0.004 -13"><span class='ocrx_word' id='word_1_263' title='bbox 464 2245 759 2300; x_wconf 89' lang='lat' dir='ltr'><strong>secundum</strong></span> <span class='ocrx_word' id='word_1_264' title='bbox 787 2258 954 2312; x_wconf 85' lang='lat' dir='ltr'><strong>genus</strong></span> <span class='ocrx_word' id='word_1_265' title='bbox 988 2242 1345 2312; x_wconf 76' lang='lat' dir='ltr'><strong>elecmosynre</strong></span> <span class='ocrx_word' id='word_1_266' title='bbox 1377 2241 1604 2310; x_wconf 83' lang='lat' dir='ltr'><strong>amplius</strong></span> <span class='ocrx_word' id='word_1_267' title='bbox 1633 2241 1843 2309; x_wconf 73' lang='lat' dir='ltr'><strong>onerari</strong></span> <span class='ocrx_word' id='word_1_268' title='bbox 1879 2240 2048 2309; x_wconf 80' lang='lat' dir='ltr'><strong>possi-</strong></span> 
     </span>
    </p>
   </div>
   <div class='ocr_carea' id='block_1_39' title="bbox 466 2331 2042 2405">
    <p class='ocr_par' dir='ltr' id='par_1_39' title="bbox 466 2331 2042 2405">
     <span class='ocr_line' id='line_1_39' title="bbox 466 2331 2042 2405; baseline -0.005 -15"><span class='ocrx_word' id='word_1_269' title='bbox 466 2337 569 2392; x_wconf 88' lang='lat' dir='ltr'><strong>bile</strong></span> <span class='ocrx_word' id='word_1_270' title='bbox 598 2347 702 2400; x_wconf 85' lang='lat' dir='ltr'><strong>cst,</strong></span> <span class='ocrx_word' id='word_1_271' title='bbox 727 2337 1008 2405; x_wconf 86' lang='lat' dir='ltr'><strong>ignoscere</strong></span> <span class='ocrx_word' id='word_1_272' title='bbox 1037 2335 1242 2388; x_wconf 58' lang='lat' dir='ltr'><strong>scilicet</strong></span> <span class='ocrx_word' id='word_1_273' title='bbox 1273 2331 1742 2401; x_wconf 81' lang='lat' dir='ltr'><strong>delinquentibus?</strong></span> <span class='ocrx_word' id='word_1_274' title='bbox 1775 2331 1875 2398; x_wconf 89' lang='lat' dir='ltr'><strong>lpsi</strong></span> <span class='ocrx_word' id='word_1_275' title='bbox 1901 2332 2042 2384; x_wconf 80' lang='lat' dir='ltr'><strong>en-‘m</strong></span> 
     </span>
    </p>
   </div>
   <div class='ocr_carea' id='block_1_40' title="bbox 466 2419 2050 2495">
    <p class='ocr_par' dir='ltr' id='par_1_40' title="bbox 466 2419 2050 2495">
     <span class='ocr_line' id='line_1_40' title="bbox 466 2419 2050 2495; baseline -0.004 -16"><span class='ocrx_word' id='word_1_276' title='bbox 466 2428 634 2495; x_wconf 77' lang='lat' dir='ltr'><strong>magis</strong></span> <span class='ocrx_word' id='word_1_277' title='bbox 667 2426 1004 2480; x_wconf 76' lang='lat' dir='ltr'><strong>laudabiliter</strong></span> <span class='ocrx_word' id='word_1_278' title='bbox 1030 2421 1241 2479; x_wconf 82' lang='lat' dir='ltr'><strong>veniam</strong></span> <span class='ocrx_word' id='word_1_279' title='bbox 1271 2423 1492 2488; x_wconf 87' lang='lat' dir='ltr'><strong>donant,</strong></span> <span class='ocrx_word' id='word_1_280' title='bbox 1523 2435 1745 2491; x_wconf 85' lang='lat' dir='ltr'><strong>quorum</strong></span> <span class='ocrx_word' id='word_1_281' title='bbox 1778 2419 2050 2473; x_wconf 80' lang='lat' dir='ltr'><strong>iracundia</strong></span> 
     </span>
    </p>
   </div>
   <div class='ocr_carea' id='block_1_41' title="bbox 466 2509 2046 2583">
    <p class='ocr_par' dir='ltr' id='par_1_41' title="bbox 466 2509 2046 2583">
     <span class='ocr_line' id='line_1_41' title="bbox 466 2509 2046 2583; baseline -0.007 -11"><span class='ocrx_word' id='word_1_282' title='bbox 466 2519 685 2572; x_wconf 80' lang='lat' dir='ltr'><strong>nuntius</strong></span> <span class='ocrx_word' id='word_1_283' title='bbox 711 2518 897 2571; x_wconf 87' lang='lat' dir='ltr'><strong>mortis</strong></span> <span class='ocrx_word' id='word_1_284' title='bbox 925 2524 1026 2570; x_wconf 89' lang='lat' dir='ltr'><strong>cst.</strong></span> <span class='ocrx_word' id='word_1_285' title='bbox 1079 2514 1180 2583; x_wconf 73' lang='lat' dir='ltr'><strong>Ipsi</strong></span> <span class='ocrx_word' id='word_1_286' title='bbox 1213 2512 1496 2583; x_wconf 83' lang='lat' dir='ltr'><strong>gloriosius</strong></span> <span class='ocrx_word' id='word_1_287' title='bbox 1524 2511 1746 2578; x_wconf 85' lang='lat' dir='ltr'><strong>diligunt</strong></span> <span class='ocrx_word' id='word_1_288' title='bbox 1781 2509 2046 2574; x_wconf 53' lang='lat' dir='ltr'><strong>inimicas,</strong></span> 
     </span>
    </p>
   </div>
   <div class='ocr_carea' id='block_1_42' title="bbox 464 2599 2044 2680">
    <p class='ocr_par' dir='ltr' id='par_1_42' title="bbox 464 2599 2044 2680">
     <span class='ocr_line' id='line_1_42' title="bbox 464 2599 2044 2680; baseline -0.007 -18"><span class='ocrx_word' id='word_1_289' title='bbox 464 2610 654 2680; x_wconf 79' lang='lat' dir='ltr'><strong>quibus</strong></span> <span class='ocrx_word' id='word_1_290' title='bbox 697 2607 913 2676; x_wconf 75' lang='lat' dir='ltr'><strong>exigere</strong></span> <span class='ocrx_word' id='word_1_291' title='bbox 962 2605 1250 2660; x_wconf 81' lang='lat' dir='ltr'><strong>vindictam</strong></span> <span class='ocrx_word' id='word_1_292' title='bbox 1289 2601 1564 2671; x_wconf 86' lang='lat' dir='ltr'><strong>sanguinis</strong></span> <span class='ocrx_word' id='word_1_293' title='bbox 1620 2600 1761 2653; x_wconf 90' lang='lat' dir='ltr'><strong>licet.</strong></span> <span class='ocrx_word' id='word_1_294' title='bbox 1805 2599 2044 2665; x_wconf 83' lang='lat' dir='ltr'><strong>Utraque</strong></span> 
     </span>
    </p>
   </div>
   <div class='ocr_carea' id='block_1_43' title="bbox 465 2688 2051 2770">
    <p class='ocr_par' dir='ltr' id='par_1_43' title="bbox 465 2688 2051 2770">
     <span class='ocr_line' id='line_1_43' title="bbox 465 2688 2051 2770; baseline -0.008 -17"><span class='ocrx_word' id='word_1_295' title='bbox 465 2715 626 2770; x_wconf 83' lang='lat' dir='ltr'><strong>opera</strong></span> <span class='ocrx_word' id='word_1_296' title='bbox 683 2696 1066 2752; x_wconf 71' lang='lat' dir='ltr'><strong>miser-cordia:</strong></span> <span class='ocrx_word' id='word_1_297' title='bbox 1117 2695 1168 2747; x_wconf 93' lang='lat' dir='ltr'><strong>in</strong></span> <span class='ocrx_word' id='word_1_298' title='bbox 1210 2702 1472 2763; x_wconf 73' lang='lat' dir='ltr'><strong>potesmte</strong></span> <span class='ocrx_word' id='word_1_299' title='bbox 1525 2691 1723 2749; x_wconf 77' lang='lat' dir='ltr'><strong>babes.</strong></span> <span class='ocrx_word' id='word_1_300' title='bbox 1776 2689 1818 2742; x_wconf 74' lang='lat' dir='ltr'><strong>si</strong></span> <span class='ocrx_word' id='word_1_301' title='bbox 1874 2688 2051 2741; x_wconf 89' lang='lat' dir='ltr'><strong>divina</strong></span> 
     </span>
    </p>
   </div>
   <div class='ocr_carea' id='block_1_44' title="bbox 467 2778 2052 2859">
    <p class='ocr_par' dir='ltr' id='par_1_44' title="bbox 467 2778 2052 2859">
     <span class='ocr_line' id='line_1_44' title="bbox 467 2778 2052 2859; baseline -0.006 -18"><span class='ocrx_word' id='word_1_302' title='bbox 467 2805 746 2859; x_wconf 77' lang='lat' dir='ltr'><strong>pra-ponas</strong></span> <span class='ocrx_word' id='word_1_303' title='bbox 793 2787 1063 2841; x_wconf 74' lang='lat' dir='ltr'><strong>humanis.</strong></span> <span class='ocrx_word' id='word_1_304' title='bbox 1113 2786 1178 2839; x_wconf 86' lang='lat' dir='ltr'><strong>Et</strong></span> <span class='ocrx_word' id='word_1_305' title='bbox 1226 2786 1277 2838; x_wconf 93' lang='lat' dir='ltr'><strong>in</strong></span> <span class='ocrx_word' id='word_1_306' title='bbox 1321 2785 1422 2837; x_wconf 86' lang='lat' dir='ltr'><strong>hoc</strong></span> <span class='ocrx_word' id='word_1_307' title='bbox 1463 2781 1695 2836; x_wconf 82' lang='lat' dir='ltr'><strong>maxime</strong></span> <span class='ocrx_word' id='word_1_308' title='bbox 1746 2778 2052 2848; x_wconf 83' lang='lat' dir='ltr'><strong>agnosceris</strong></span> 
     </span>
    </p>
   </div>
   <div class='ocr_carea' id='block_1_45' title="bbox 466 2871 2053 2945">
    <p class='ocr_par' dir='ltr' id='par_1_45' title="bbox 466 2871 2053 2945">
     <span class='ocr_line' id='line_1_45' title="bbox 466 2871 2053 2945; baseline -0.008 -12"><span class='ocrx_word' id='word_1_309' title='bbox 466 2880 716 2936; x_wconf 86' lang='lat' dir='ltr'><strong>humanis</strong></span> <span class='ocrx_word' id='word_1_310' title='bbox 761 2878 938 2932; x_wconf 88' lang='lat' dir='ltr'><strong>divina</strong></span> <span class='ocrx_word' id='word_1_311' title='bbox 988 2888 1334 2945; x_wconf 58' lang='lat' dir='ltr'><strong>praeponere,</strong></span> <span class='ocrx_word' id='word_1_312' title='bbox 1371 2872 1582 2943; x_wconf 88' lang='lat' dir='ltr'><strong>quando</strong></span> <span class='ocrx_word' id='word_1_313' title='bbox 1632 2872 1758 2926; x_wconf 88' lang='lat' dir='ltr'><strong>nulli</strong></span> <span class='ocrx_word' id='word_1_314' title='bbox 1799 2871 2053 2925; x_wconf 80' lang='lat' dir='ltr'><strong>fallaciter</strong></span> 
     </span>
    </p>
   </div>
   <div class='ocr_carea' id='block_1_46' title="bbox 463 2961 2048 3045">
    <p class='ocr_par' dir='ltr' id='par_1_46' title="bbox 463 2961 2048 3045">
     <span class='ocr_line' id='line_1_46' title="bbox 463 2961 2048 3045; baseline -0.008 -21"><span class='ocrx_word' id='word_1_315' title='bbox 463 2975 631 3045; x_wconf 74' lang='lat' dir='ltr'><strong>iuras,</strong></span> <span class='ocrx_word' id='word_1_316' title='bbox 673 2988 769 3027; x_wconf 87' lang='lat' dir='ltr'><strong>nec</strong></span> <span class='ocrx_word' id='word_1_317' title='bbox 803 2970 1028 3026; x_wconf 87' lang='lat' dir='ltr'><strong>subdolo</strong></span> <span class='ocrx_word' id='word_1_318' title='bbox 1056 2974 1392 3024; x_wconf 87' lang='lat' dir='ltr'><strong>sacramento</strong></span> <span class='ocrx_word' id='word_1_319' title='bbox 1426 2964 1631 3034; x_wconf 89' lang='lat' dir='ltr'><strong>decipis</strong></span> <span class='ocrx_word' id='word_1_320' title='bbox 1676 2964 1926 3032; x_wconf 90' lang='lat' dir='ltr'><strong>aliquem.</strong></span> <span class='ocrx_word' id='word_1_321' title='bbox 1963 2961 2048 3014; x_wconf 86' lang='lat' dir='ltr'><strong>Li-</strong></span> 
     </span>
    </p>
   </div>
   <div class='ocr_carea' id='block_1_47' title="bbox 464 3052 2052 3130">
    <p class='ocr_par' dir='ltr' id='par_1_47' title="bbox 464 3052 2052 3130">
     <span class='ocr_line' id='line_1_47' title="bbox 464 3052 2052 3130; baseline -0.008 -12"><span class='ocrx_word' id='word_1_322' title='bbox 464 3075 546 3118; x_wconf 86' lang='lat' dir='ltr'><strong>e.-t</strong></span> <span class='ocrx_word' id='word_1_323' title='bbox 574 3063 744 3118; x_wconf 87' lang='lat' dir='ltr'><strong>hostis</strong></span> <span class='ocrx_word' id='word_1_324' title='bbox 769 3063 838 3117; x_wconf 88' lang='lat' dir='ltr'><strong>sit</strong></span> <span class='ocrx_word' id='word_1_325' title='bbox 860 3061 1129 3130; x_wconf 70' lang='lat' dir='ltr'><strong>antiquus,</strong></span> <span class='ocrx_word' id='word_1_326' title='bbox 1153 3059 1280 3113; x_wconf 88' lang='lat' dir='ltr'><strong>licet</strong></span> <span class='ocrx_word' id='word_1_327' title='bbox 1300 3057 1555 3111; x_wconf 87' lang='lat' dir='ltr'><strong>immania</strong></span> <span class='ocrx_word' id='word_1_328' title='bbox 1581 3065 1606 3092; x_wconf 71' lang='grc' dir='ltr'><em>α</em></span> <span class='ocrx_word' id='word_1_329' title='bbox 1641 3055 1944 3123; x_wconf 80' lang='lat' dir='ltr'><strong>reipublicae</strong></span> <span class='ocrx_word' id='word_1_330' title='bbox 1973 3052 2052 3106; x_wconf 88' lang='lat' dir='ltr'><strong>in-</strong></span> 
     </span>
    </p>
   </div>
   <div class='ocr_carea' id='block_1_48' title="bbox 465 3144 2049 3217">
    <p class='ocr_par' dir='ltr' id='par_1_48' title="bbox 465 3144 2049 3217">
     <span class='ocr_line' id='line_1_48' title="bbox 465 3144 2049 3217; baseline -0.008 -8"><span class='ocrx_word' id='word_1_331' title='bbox 465 3157 639 3210; x_wconf 74' lang='lat' dir='ltr'><strong>ﬁxerit</strong></span> <span class='ocrx_word' id='word_1_332' title='bbox 654 3153 965 3217; x_wconf 84' lang='lat' dir='ltr'><strong>visceribus,</strong></span> <span class='ocrx_word' id='word_1_333' title='bbox 982 3168 1085 3205; x_wconf 91' lang='lat' dir='ltr'><strong>non</strong></span> <span class='ocrx_word' id='word_1_334' title='bbox 1106 3150 1313 3204; x_wconf 87' lang='lat' dir='ltr'><strong>videtur</strong></span> <span class='ocrx_word' id='word_1_335' title='bbox 1338 3148 1468 3202; x_wconf 86' lang='lat' dir='ltr'><strong>falsa</strong></span> <span class='ocrx_word' id='word_1_336' title='bbox 1489 3148 1755 3216; x_wconf 63' lang='lat' dir='ltr'><strong>iuratione</strong></span> <span class='ocrx_word' id='word_1_337' title='bbox 1771 3144 2049 3206; x_wconf 70' lang='lat' dir='ltr'><strong>fallendus;</strong></span> 
     </span>
    </p>
   </div>
   <div class='ocr_carea' id='block_1_49' title="bbox 2154 1952 3739 2023">
    <p class='ocr_par' dir='ltr' id='par_1_49' title="bbox 2154 1952 3739 2023">
     <span class='ocr_line' id='line_1_49' title="bbox 2154 1952 3739 2023; baseline 0.003 -17"><span class='ocrx_word' id='word_1_338' title='bbox 2154 1953 2296 2006; x_wconf 80' lang='lat' dir='ltr'><strong>bitus</strong></span> <span class='ocrx_word' id='word_1_339' title='bbox 2323 1952 2483 2006; x_wconf 85' lang='lat' dir='ltr'><strong>Deus.</strong></span> <span class='ocrx_word' id='word_1_340' title='bbox 2509 1953 2622 2008; x_wconf 87' lang='lat' dir='ltr'><strong>Una</strong></span> <span class='ocrx_word' id='word_1_341' title='bbox 2653 1953 2810 2022; x_wconf 83' lang='lat' dir='ltr'><strong>plane</strong></span> <span class='ocrx_word' id='word_1_342' title='bbox 2838 1968 2996 2008; x_wconf 88' lang='lat' dir='ltr'><strong>causa</strong></span> <span class='ocrx_word' id='word_1_343' title='bbox 3028 1953 3297 2008; x_wconf 68' lang='lat' dir='ltr'><strong>solvvndai</strong></span> <span class='ocrx_word' id='word_1_344' title='bbox 3322 1955 3606 2023; x_wconf 82' lang='lat' dir='ltr'><strong>iurationis</strong></span> <span class='ocrx_word' id='word_1_345' title='bbox 3629 1961 3739 2010; x_wconf 42' lang='lat' dir='ltr'><strong>exi-</strong></span> 
     </span>
    </p>
   </div>
   <div class='ocr_carea' id='block_1_50' title="bbox 2153 2041 3739 2115">
    <p class='ocr_par' dir='ltr' id='par_1_50' title="bbox 2153 2041 3739 2115">
     <span class='ocr_line' id='line_1_50' title="bbox 2153 2041 3739 2115; baseline 0.001 -19"><span class='ocrx_word' id='word_1_346' title='bbox 2153 2043 2265 2107; x_wconf 83' lang='lat' dir='ltr'><strong>stit,</strong></span> <span class='ocrx_word' id='word_1_347' title='bbox 2284 2043 2329 2096; x_wconf 89' lang='lat' dir='ltr'><strong>si</strong></span> <span class='ocrx_word' id='word_1_348' title='bbox 2353 2042 2551 2111; x_wconf 89' lang='lat' dir='ltr'><strong>aliquid</strong></span> <span class='ocrx_word' id='word_1_349' title='bbox 2581 2041 2747 2096; x_wconf 80' lang='lat' dir='ltr'><strong>iratus</strong></span> <span class='ocrx_word' id='word_1_350' title='bbox 2767 2043 3058 2111; x_wconf 86' lang='lat' dir='ltr'><strong>iuraveris,</strong></span> <span class='ocrx_word' id='word_1_351' title='bbox 3078 2043 3218 2098; x_wconf 87' lang='lat' dir='ltr'><strong>unde</strong></span> <span class='ocrx_word' id='word_1_352' title='bbox 3247 2045 3416 2112; x_wconf 61' lang='lat' dir='ltr'><strong>possis</strong></span> <span class='ocrx_word' id='word_1_353' title='bbox 3449 2045 3617 2101; x_wconf 88' lang='lat' dir='ltr'><strong>Deum</strong></span> <span class='ocrx_word' id='word_1_354' title='bbox 3648 2061 3739 2115; x_wconf 87' lang='lat' dir='ltr'><strong>per</strong></span> 
     </span>
    </p>
   </div>
   <div class='ocr_carea' id='block_1_51' title="bbox 2153 2131 3739 2203">
    <p class='ocr_par' dir='ltr' id='par_1_51' title="bbox 2153 2131 3739 2203">
     <span class='ocr_line' id='line_1_51' title="bbox 2153 2131 3739 2203; baseline 0 -16"><span class='ocrx_word' id='word_1_355' title='bbox 2153 2149 2309 2202; x_wconf 84' lang='lat' dir='ltr'><strong>quem</strong></span> <span class='ocrx_word' id='word_1_356' title='bbox 2340 2134 2486 2201; x_wconf 86' lang='lat' dir='ltr'><strong>iuras</strong></span> <span class='ocrx_word' id='word_1_357' title='bbox 2511 2131 2802 2188; x_wconf 83' lang='lat' dir='ltr'><strong>oﬁ‘endere.</strong></span> <span class='ocrx_word' id='word_1_358' title='bbox 2831 2132 2986 2186; x_wconf 76' lang='lat' dir='ltr'><strong>Verbi</strong></span> <span class='ocrx_word' id='word_1_359' title='bbox 3013 2133 3214 2202; x_wconf 87' lang='lat' dir='ltr'><strong>gratia,</strong></span> <span class='ocrx_word' id='word_1_360' title='bbox 3242 2133 3288 2187; x_wconf 89' lang='lat' dir='ltr'><strong>si</strong></span> <span class='ocrx_word' id='word_1_361' title='bbox 3316 2133 3410 2187; x_wconf 91' lang='lat' dir='ltr'><strong>tibi</strong></span> <span class='ocrx_word' id='word_1_362' title='bbox 3442 2150 3540 2203; x_wconf 88' lang='lat' dir='ltr'><strong>pro</strong></span> <span class='ocrx_word' id='word_1_363' title='bbox 3569 2134 3739 2190; x_wconf 83' lang='lat' dir='ltr'><strong>deliu-</strong></span> 
     </span>
    </p>
   </div>
   <div class='ocr_carea' id='block_1_52' title="bbox 2155 2218 3740 2296">
    <p class='ocr_par' dir='ltr' id='par_1_52' title="bbox 2155 2218 3740 2296">
     <span class='ocr_line' id='line_1_52' title="bbox 2155 2218 3740 2296; baseline 0.003 -20"><span class='ocrx_word' id='word_1_364' title='bbox 2155 2225 2442 2293; x_wconf 85' lang='lat' dir='ltr'><strong>quentibus</strong></span> <span class='ocrx_word' id='word_1_365' title='bbox 2473 2239 2740 2294; x_wconf 86' lang='lat' dir='ltr'><strong>nunquam</strong></span> <span class='ocrx_word' id='word_1_366' title='bbox 2774 2238 2931 2293; x_wconf 86' lang='lat' dir='ltr'><strong>posse</strong></span> <span class='ocrx_word' id='word_1_367' title='bbox 2959 2218 3211 2279; x_wconf 76' lang='lat' dir='ltr'><strong>satisﬁeri</strong></span> <span class='ocrx_word' id='word_1_368' title='bbox 3235 2225 3544 2280; x_wconf 57' lang='lat' dir='ltr'><strong>terribiliter</strong></span> <span class='ocrx_word' id='word_1_369' title='bbox 3560 2227 3740 2296; x_wconf 76' lang='lat' dir='ltr'><strong>iur-rs;</strong></span> 
     </span>
    </p>
   </div>
   <div class='ocr_carea' id='block_1_53' title="bbox 2155 2316 3752 2386">
    <p class='ocr_par' dir='ltr' id='par_1_53' title="bbox 2155 2316 3752 2386">
     <span class='ocr_line' id='line_1_53' title="bbox 2155 2316 3752 2386; baseline 0.001 -14"><span class='ocrx_word' id='word_1_370' title='bbox 2155 2317 2197 2372; x_wconf 93' lang='lat' dir='ltr'><strong>si</strong></span> <span class='ocrx_word' id='word_1_371' title='bbox 2233 2317 2506 2371; x_wconf 84' lang='lat' dir='ltr'><strong>interitum</strong></span> <span class='ocrx_word' id='word_1_372' title='bbox 2536 2316 2757 2379; x_wconf 87' lang='lat' dir='ltr'><strong>civitati,</strong></span> <span class='ocrx_word' id='word_1_373' title='bbox 2788 2318 2870 2372; x_wconf 89' lang='lat' dir='ltr'><strong>vel</strong></span> <span class='ocrx_word' id='word_1_374' title='bbox 2924 2317 3141 2386; x_wconf 90' lang='lat' dir='ltr'><strong>populo,</strong></span> <span class='ocrx_word' id='word_1_375' title='bbox 3169 2316 3356 2385; x_wconf 87' lang='lat' dir='ltr'><strong>iurans</strong></span> <span class='ocrx_word' id='word_1_376' title='bbox 3401 2319 3652 2383; x_wconf 80' lang='lat' dir='ltr'><strong>mineris;</strong></span> <span class='ocrx_word' id='word_1_377' title='bbox 3696 2321 3752 2373; x_wconf 65' lang='lat' dir='ltr'><strong>si</strong></span> 
     </span>
    </p>
   </div>
   <div class='ocr_carea' id='block_1_54' title="bbox 2155 2405 3740 2476">
    <p class='ocr_par' dir='ltr' id='par_1_54' title="bbox 2155 2405 3740 2476">
     <span class='ocr_line' id='line_1_54' title="bbox 2155 2405 3740 2476; baseline 0.001 -17"><span class='ocrx_word' id='word_1_378' title='bbox 2155 2408 2366 2476; x_wconf 74' lang='lat' dir='ltr'><strong>penitus</strong></span> <span class='ocrx_word' id='word_1_379' title='bbox 2400 2405 2454 2458; x_wconf 90' lang='lat' dir='ltr'><strong>in</strong></span> <span class='ocrx_word' id='word_1_380' title='bbox 2483 2406 2709 2460; x_wconf 78' lang='lat' dir='ltr'><strong>ecclesia</strong></span> <span class='ocrx_word' id='word_1_381' title='bbox 2739 2421 2844 2460; x_wconf 89' lang='lat' dir='ltr'><strong>non</strong></span> <span class='ocrx_word' id='word_1_382' title='bbox 2885 2406 3182 2472; x_wconf 86' lang='lat' dir='ltr'><strong>orandum;</strong></span> <span class='ocrx_word' id='word_1_383' title='bbox 3209 2407 3292 2461; x_wconf 88' lang='lat' dir='ltr'><strong>vel</strong></span> <span class='ocrx_word' id='word_1_384' title='bbox 3321 2407 3424 2461; x_wconf 80' lang='lat' dir='ltr'><strong>alia</strong></span> <span class='ocrx_word' id='word_1_385' title='bbox 3455 2424 3576 2476; x_wconf 74' lang='lat' dir='ltr'><strong>qua:</strong></span> <span class='ocrx_word' id='word_1_386' title='bbox 3609 2411 3740 2463; x_wconf 83' lang='lat' dir='ltr'><strong>divi-</strong></span> 
     </span>
    </p>
   </div>
   <div class='ocr_carea' id='block_1_55' title="bbox 2157 2499 3743 2569">
    <p class='ocr_par' dir='ltr' id='par_1_55' title="bbox 2157 2499 3743 2569">
     <span class='ocr_line' id='line_1_55' title="bbox 2157 2499 3743 2569; baseline -0.001 -15"><span class='ocrx_word' id='word_1_387' title='bbox 2157 2517 2256 2555; x_wconf 87' lang='lat' dir='ltr'><strong>nus</strong></span> <span class='ocrx_word' id='word_1_388' title='bbox 2284 2504 2445 2554; x_wconf 91' lang='lat' dir='ltr'><strong>timor</strong></span> <span class='ocrx_word' id='word_1_389' title='bbox 2473 2499 2740 2569; x_wconf 82' lang='lat' dir='ltr'><strong>prohibet,</strong></span> <span class='ocrx_word' id='word_1_390' title='bbox 2782 2499 3026 2556; x_wconf 82' lang='lat' dir='ltr'><strong>humana:</strong></span> <span class='ocrx_word' id='word_1_391' title='bbox 3057 2500 3365 2554; x_wconf 65' lang='lat' dir='ltr'><strong>mutationis</strong></span> <span class='ocrx_word' id='word_1_392' title='bbox 3395 2500 3462 2554; x_wconf 89' lang='lat' dir='ltr'><strong>ad</strong></span> <span class='ocrx_word' id='word_1_393' title='bbox 3495 2516 3743 2569; x_wconf 57' lang='lat' dir='ltr'><strong>pruriens-</strong></span> 
     </span>
    </p>
   </div>
   <div class='ocr_carea' id='block_1_56' title="bbox 2157 2591 3744 2661">
    <p class='ocr_par' dir='ltr' id='par_1_56' title="bbox 2157 2591 3744 2661">
     <span class='ocr_line' id='line_1_56' title="bbox 2157 2591 3744 2661; baseline 0 -15"><span class='ocrx_word' id='word_1_394' title='bbox 2157 2594 2326 2647; x_wconf 86' lang='lat' dir='ltr'><strong>victus</strong></span> <span class='ocrx_word' id='word_1_395' title='bbox 2357 2591 2683 2657; x_wconf 70' lang='lat' dir='ltr'><strong>inﬁrmitate,</strong></span> <span class='ocrx_word' id='word_1_396' title='bbox 2715 2591 2982 2660; x_wconf 81' lang='lat' dir='ltr'><strong>iuraveris</strong></span> <span class='ocrx_word' id='word_1_397' title='bbox 3010 2591 3348 2661; x_wconf 83' lang='lat' dir='ltr'><strong>exsequenda</strong></span> <span class='ocrx_word' id='word_1_398' title='bbox 3379 2608 3394 2644; x_wconf 89' lang='lat'>:</span> <span class='ocrx_word' id='word_1_399' title='bbox 3429 2600 3556 2646; x_wconf 88' lang='lat' dir='ltr'><strong>tunc</strong></span> <span class='ocrx_word' id='word_1_400' title='bbox 3587 2592 3744 2660; x_wconf 73' lang='lat' dir='ltr'><strong>plane</strong></span> 
     </span>
    </p>
   </div>
   <div class='ocr_carea' id='block_1_57' title="bbox 2158 2682 3743 2752">
    <p class='ocr_par' dir='ltr' id='par_1_57' title="bbox 2158 2682 3743 2752">
     <span class='ocr_line' id='line_1_57' title="bbox 2158 2682 3743 2752; baseline -0.002 -14"><span class='ocrx_word' id='word_1_401' title='bbox 2158 2700 2262 2738; x_wconf 88' lang='lat' dir='ltr'><strong>non</strong></span> <span class='ocrx_word' id='word_1_402' title='bbox 2293 2693 2370 2738; x_wconf 88' lang='lat' dir='ltr'><strong>est</strong></span> <span class='ocrx_word' id='word_1_403' title='bbox 2405 2683 2728 2752; x_wconf 85' lang='lat' dir='ltr'><strong>perﬁcienda</strong></span> <span class='ocrx_word' id='word_1_404' title='bbox 2757 2682 2975 2751; x_wconf 87' lang='lat' dir='ltr'><strong>iuratio,</strong></span> <span class='ocrx_word' id='word_1_405' title='bbox 3001 2684 3122 2751; x_wconf 87' lang='lat' dir='ltr'><strong>quia</strong></span> <span class='ocrx_word' id='word_1_406' title='bbox 3164 2697 3272 2738; x_wconf 80' lang='lat' dir='ltr'><strong>non</strong></span> <span class='ocrx_word' id='word_1_407' title='bbox 3314 2683 3387 2736; x_wconf 87' lang='lat' dir='ltr'><strong>ibi</strong></span> <span class='ocrx_word' id='word_1_408' title='bbox 3415 2683 3614 2737; x_wconf 80' lang='lat' dir='ltr'><strong>divinis</strong></span> <span class='ocrx_word' id='word_1_409' title='bbox 3644 2684 3708 2736; x_wconf 88' lang='lat' dir='ltr'><strong>bu</strong></span> <span class='ocrx_word' id='word_1_410' title='bbox 3727 2713 3743 2724; x_wconf 82' lang='lat'><strong>-</strong></span> 
     </span>
    </p>
   </div>
   <div class='ocr_carea' id='block_1_58' title="bbox 2157 2776 3744 2846">
    <p class='ocr_par' dir='ltr' id='par_1_58' title="bbox 2157 2776 3744 2846">
     <span class='ocr_line' id='line_1_58' title="bbox 2157 2776 3744 2846; baseline 0.001 -15"><span class='ocrx_word' id='word_1_411' title='bbox 2157 2794 2309 2832; x_wconf 88' lang='lat' dir='ltr'><strong>mana</strong></span> <span class='ocrx_word' id='word_1_412' title='bbox 2359 2777 2643 2845; x_wconf 63' lang='lat' dir='ltr'><strong>praeponis,</strong></span> <span class='ocrx_word' id='word_1_413' title='bbox 2674 2776 2769 2831; x_wconf 87' lang='lat' dir='ltr'><strong>sed</strong></span> <span class='ocrx_word' id='word_1_414' title='bbox 2801 2777 2974 2830; x_wconf 87' lang='lat' dir='ltr'><strong>divina</strong></span> <span class='ocrx_word' id='word_1_415' title='bbox 3025 2776 3206 2846; x_wconf 85' lang='lat' dir='ltr'><strong>potius</strong></span> <span class='ocrx_word' id='word_1_416' title='bbox 3239 2778 3654 2843; x_wconf 86' lang='lat' dir='ltr'><strong>contempla-is;</strong></span> <span class='ocrx_word' id='word_1_417' title='bbox 3684 2787 3744 2832; x_wconf 86' lang='lat' dir='ltr'><strong>ut</strong></span> 
     </span>
    </p>
   </div>
   <div class='ocr_carea' id='block_1_59' title="bbox 2155 2868 3742 2937">
    <p class='ocr_par' dir='ltr' id='par_1_59' title="bbox 2155 2868 3742 2937">
     <span class='ocr_line' id='line_1_59' title="bbox 2155 2868 3742 2937; baseline -0.001 -14"><span class='ocrx_word' id='word_1_418' title='bbox 2155 2871 2322 2936; x_wconf 70' lang='lat' dir='ltr'><strong>magis</strong></span> <span class='ocrx_word' id='word_1_419' title='bbox 2370 2870 2448 2923; x_wconf 91' lang='lat' dir='ltr'><strong>sic</strong></span> <span class='ocrx_word' id='word_1_420' title='bbox 2501 2877 2554 2923; x_wconf 91' lang='lat' dir='ltr'><strong>te</strong></span> <span class='ocrx_word' id='word_1_421' title='bbox 2596 2869 2806 2936; x_wconf 86' lang='lat' dir='ltr'><strong>iurasse</strong></span> <span class='ocrx_word' id='word_1_422' title='bbox 2837 2869 3114 2937; x_wconf 70' lang='lat' dir='ltr'><strong>pmniteat,</strong></span> <span class='ocrx_word' id='word_1_423' title='bbox 3143 2869 3268 2920; x_wconf 87' lang='lat' dir='ltr'><strong>dum</strong></span> <span class='ocrx_word' id='word_1_424' title='bbox 3295 2868 3574 2935; x_wconf 68' lang='lat' dir='ltr'><strong>complere</strong></span> <span class='ocrx_word' id='word_1_425' title='bbox 3601 2868 3742 2936; x_wconf 86' lang='lat' dir='ltr'><strong>quod</strong></span> 
     </span>
    </p>
   </div>
   <div class='ocr_carea' id='block_1_60' title="bbox 2151 2962 3741 3032">
    <p class='ocr_par' dir='ltr' id='par_1_60' title="bbox 2151 2962 3741 3032">
     <span class='ocr_line' id='line_1_60' title="bbox 2151 2962 3741 3032; baseline 0 -17"><span class='ocrx_word' id='word_1_426' title='bbox 2151 2963 2416 3031; x_wconf 82' lang='lat' dir='ltr'><strong>iuraveris</strong></span> <span class='ocrx_word' id='word_1_427' title='bbox 2445 2962 2626 3032; x_wconf 82' lang='lat' dir='ltr'><strong>pudet.</strong></span> <span class='ocrx_word' id='word_1_428' title='bbox 2658 2962 2833 3016; x_wconf 87' lang='lat' dir='ltr'><strong>Etiam</strong></span> <span class='ocrx_word' id='word_1_429' title='bbox 2863 2963 2942 3017; x_wconf 88' lang='lat' dir='ltr'><strong>sic</strong></span> <span class='ocrx_word' id='word_1_430' title='bbox 2969 2963 3166 3032; x_wconf 52' lang='lat' dir='ltr'><strong>quippe</strong></span> <span class='ocrx_word' id='word_1_431' title='bbox 3200 2962 3378 3018; x_wconf 87' lang='lat' dir='ltr'><strong>divina</strong></span> <span class='ocrx_word' id='word_1_432' title='bbox 3422 2978 3741 3031; x_wconf 70' lang='lat' dir='ltr'><strong>praeponun-</strong></span> 
     </span>
    </p>
   </div>
   <div class='ocr_carea' id='block_1_61' title="bbox 2158 3055 3740 3124">
    <p class='ocr_par' dir='ltr' id='par_1_61' title="bbox 2158 3055 3740 3124">
     <span class='ocr_line' id='line_1_61' title="bbox 2158 3055 3740 3124; baseline -0.002 -16"><span class='ocrx_word' id='word_1_433' title='bbox 2158 3070 2242 3110; x_wconf 88' lang='lat' dir='ltr'><strong>tur</strong></span> <span class='ocrx_word' id='word_1_434' title='bbox 2290 3057 2566 3124; x_wconf 88' lang='lat' dir='ltr'><strong>humanis,</strong></span> <span class='ocrx_word' id='word_1_435' title='bbox 2601 3057 2921 3124; x_wconf 88' lang='lat' dir='ltr'><strong>illorumque</strong></span> <span class='ocrx_word' id='word_1_436' title='bbox 2970 3056 3254 3109; x_wconf 88' lang='lat' dir='ltr'><strong>verborum</strong></span> <span class='ocrx_word' id='word_1_437' title='bbox 3307 3056 3476 3108; x_wconf 84' lang='lat' dir='ltr'><strong>teneri</strong></span> <span class='ocrx_word' id='word_1_438' title='bbox 3531 3055 3740 3122; x_wconf 77' lang='lat' dir='ltr'><strong>incipiet</strong></span> 
     </span>
    </p>
   </div>
   <div class='ocr_carea' id='block_1_62' title="bbox 2159 3146 3741 3218">
    <p class='ocr_par' dir='ltr' id='par_1_62' title="bbox 2159 3146 3741 3218">
     <span class='ocr_line' id='line_1_62' title="bbox 2159 3146 3741 3218; baseline -0.004 -15"><span class='ocrx_word' id='word_1_439' title='bbox 2159 3150 2362 3218; x_wconf 85' lang='lat' dir='ltr'><strong>regula,</strong></span> <span class='ocrx_word' id='word_1_440' title='bbox 2394 3164 2512 3217; x_wconf 74' lang='lat' dir='ltr'><strong>qua:</strong></span> <span class='ocrx_word' id='word_1_441' title='bbox 2541 3157 2730 3203; x_wconf 82' lang='lat' dir='ltr'><strong>vetans</strong></span> <span class='ocrx_word' id='word_1_442' title='bbox 2777 3147 3020 3201; x_wconf 79' lang='lat' dir='ltr'><strong>homines</strong></span> <span class='ocrx_word' id='word_1_443' title='bbox 3064 3147 3172 3201; x_wconf 88' lang='lat' dir='ltr'><strong>cito</strong></span> <span class='ocrx_word' id='word_1_444' title='bbox 3215 3146 3421 3216; x_wconf 89' lang='lat' dir='ltr'><strong>iurare,</strong></span> <span class='ocrx_word' id='word_1_445' title='bbox 3453 3147 3566 3200; x_wconf 75' lang='lat' dir='ltr'><strong>into</strong></span> <span class='ocrx_word' id='word_1_446' title='bbox 3609 3161 3741 3198; x_wconf 80' lang='lat' dir='ltr'><strong>nuu-</strong></span> 
     </span>
    </p>
   </div>
   <div class='ocr_carea' id='block_1_63' title="bbox 465 3234 3741 3310">
    <p class='ocr_par' dir='ltr' id='par_1_63' title="bbox 465 3234 3741 3310">
     <span class='ocr_line' id='line_1_63' title="bbox 465 3234 3741 3310; baseline -0.003 -11"><span class='ocrx_word' id='word_1_447' title='bbox 465 3245 672 3299; x_wconf 89' lang='lat' dir='ltr'><strong>etiatnsi</strong></span> <span class='ocrx_word' id='word_1_448' title='bbox 696 3244 797 3296; x_wconf 84' lang='lat' dir='ltr'><strong>vita</strong></span> <span class='ocrx_word' id='word_1_449' title='bbox 818 3239 1223 3310; x_wconf 84' lang='lat' dir='ltr'><strong>eiusimpediat,</strong></span> <span class='ocrx_word' id='word_1_450' title='bbox 1257 3253 1401 3292; x_wconf 86' lang='lat' dir='ltr'><strong>mors</strong></span> <span class='ocrx_word' id='word_1_451' title='bbox 1445 3236 1688 3306; x_wconf 76' lang='lat' dir='ltr'><strong>proficiat</strong></span> <span class='ocrx_word' id='word_1_452' title='bbox 1715 3238 1860 3302; x_wconf 76' lang='lat' dir='ltr'><strong>patri;</strong></span> <span class='ocrx_word' id='word_1_453' title='bbox 1888 3249 1984 3287; x_wconf 84' lang='lat' dir='ltr'><strong>nec</strong></span> <span class='ocrx_word' id='word_1_454' title='bbox 2007 3234 2049 3286; x_wconf 92' lang='lat' dir='ltr'><strong>si</strong></span> <span class='ocrx_word' id='word_1_455' title='bbox 2080 3239 2124 3300; x_wconf 76' lang='grc' dir='ltr'><strong>ρ</strong></span> <span class='ocrx_word' id='word_1_456' title='bbox 2157 3253 2316 3308; x_wconf 82' lang='lat' dir='ltr'><strong>quam</strong></span> <span class='ocrx_word' id='word_1_457' title='bbox 2346 3238 2531 3292; x_wconf 85' lang='lat' dir='ltr'><strong>volens</strong></span> <span class='ocrx_word' id='word_1_458' title='bbox 2556 3237 2773 3305; x_wconf 82' lang='lat' dir='ltr'><strong>iurare:</strong></span> <span class='ocrx_word' id='word_1_459' title='bbox 2807 3236 2996 3302; x_wconf 79' lang='lat' dir='ltr'><strong>Nolite,</strong></span> <span class='ocrx_word' id='word_1_460' title='bbox 3017 3238 3092 3290; x_wconf 90' lang='lat' dir='ltr'><strong>ait</strong></span> <span class='ocrx_word' id='word_1_461' title='bbox 3120 3237 3172 3290; x_wconf 92' lang='lat' dir='ltr'><strong>in</strong></span> <span class='ocrx_word' id='word_1_462' title='bbox 3205 3237 3522 3306; x_wconf 78' lang='lat' dir='ltr'><strong>Evangelia,</strong></span> <span class='ocrx_word' id='word_1_463' title='bbox 3539 3239 3741 3306; x_wconf 76' lang='lat' dir='ltr'><strong>jurare,</strong></span> 
     </span>
    </p>
   </div>
   <div class='ocr_carea' id='block_1_64' title="bbox 464 3325 2047 3402">
    <p class='ocr_par' dir='ltr' id='par_1_64' title="bbox 464 3325 2047 3402">
     <span class='ocr_line' id='line_1_64' title="bbox 464 3325 2047 3402; baseline -0.004 -16"><span class='ocrx_word' id='word_1_464' title='bbox 464 3334 708 3402; x_wconf 82' lang='lat' dir='ltr'><strong>quidem,</strong></span> <span class='ocrx_word' id='word_1_465' title='bbox 732 3333 840 3387; x_wconf 84' lang='lat' dir='ltr'><strong>dux</strong></span> <span class='ocrx_word' id='word_1_466' title='bbox 868 3331 1101 3400; x_wconf 91' lang='lat' dir='ltr'><strong>optime,</strong></span> <span class='ocrx_word' id='word_1_467' title='bbox 1128 3329 1468 3397; x_wconf 82' lang='lat' dir='ltr'><strong>compellaris</strong></span> <span class='ocrx_word' id='word_1_468' title='bbox 1499 3326 1687 3381; x_wconf 85' lang='lat' dir='ltr'><strong>falsum</strong></span> <span class='ocrx_word' id='word_1_469' title='bbox 1715 3325 1918 3395; x_wconf 87' lang='lat' dir='ltr'><strong>iurare.</strong></span> <span class='ocrx_word' id='word_1_470' title='bbox 1959 3325 2047 3381; x_wconf 85' lang='lat' dir='ltr'><strong>Sic</strong></span> 
     </span>
    </p>
   </div>
   <div class='ocr_carea' id='block_1_65' title="bbox 467 3419 2050 3490">
    <p class='ocr_par' dir='ltr' id='par_1_65' title="bbox 467 3419 2050 3490">
     <span class='ocr_line' id='line_1_65' title="bbox 467 3419 2050 3490; baseline -0.003 -13"><span class='ocrx_word' id='word_1_471' title='bbox 467 3425 553 3478; x_wconf 92' lang='lat' dir='ltr'><strong>uni</strong></span> <span class='ocrx_word' id='word_1_472' title='bbox 595 3422 821 3486; x_wconf 89' lang='lat' dir='ltr'><strong>homini,</strong></span> <span class='ocrx_word' id='word_1_473' title='bbox 855 3422 931 3476; x_wconf 89' lang='lat' dir='ltr'><strong>sic</strong></span> <span class='ocrx_word' id='word_1_474' title='bbox 974 3420 1192 3490; x_wconf 83' lang='lat' dir='ltr'><strong>populo,</strong></span> <span class='ocrx_word' id='word_1_475' title='bbox 1235 3419 1313 3474; x_wconf 88' lang='lat' dir='ltr'><strong>sic</strong></span> <span class='ocrx_word' id='word_1_476' title='bbox 1359 3419 1600 3488; x_wconf 85' lang='lat' dir='ltr'><strong>plurimis</strong></span> <span class='ocrx_word' id='word_1_477' title='bbox 1642 3419 1890 3488; x_wconf 83' lang='lat' dir='ltr'><strong>gentibus</strong></span> <span class='ocrx_word' id='word_1_478' title='bbox 1930 3433 2050 3473; x_wconf 90' lang='lat' dir='ltr'><strong>cum</strong></span> 
     </span>
    </p>
   </div>
   <div class='ocr_carea' id='block_1_66' title="bbox 466 3508 2053 3580">
    <p class='ocr_par' dir='ltr' id='par_1_66' title="bbox 466 3508 2053 3580">
     <span class='ocr_line' id='line_1_66' title="bbox 466 3508 2053 3580; baseline -0.001 -16"><span class='ocrx_word' id='word_1_479' title='bbox 466 3512 654 3580; x_wconf 83' lang='lat' dir='ltr'><strong>quibus</strong></span> <span class='ocrx_word' id='word_1_480' title='bbox 685 3510 822 3566; x_wconf 88' lang='lat' dir='ltr'><strong>bella</strong></span> <span class='ocrx_word' id='word_1_481' title='bbox 852 3509 1086 3580; x_wconf 84' lang='lat' dir='ltr'><strong>gerenda</strong></span> <span class='ocrx_word' id='word_1_482' title='bbox 1115 3508 1451 3578; x_wconf 89' lang='lat' dir='ltr'><strong>susceperis,</strong></span> <span class='ocrx_word' id='word_1_483' title='bbox 1479 3518 1570 3563; x_wconf 87' lang='lat' dir='ltr'><strong>aut</strong></span> <span class='ocrx_word' id='word_1_484' title='bbox 1600 3510 1716 3562; x_wconf 85' lang='lat' dir='ltr'><strong>sine</strong></span> <span class='ocrx_word' id='word_1_485' title='bbox 1752 3510 2053 3576; x_wconf 85' lang='lat' dir='ltr'><strong>iuramento</strong></span> 
     </span>
    </p>
   </div>
   <div class='ocr_carea' id='block_1_67' title="bbox 467 3599 2052 3669">
    <p class='ocr_par' dir='ltr' id='par_1_67' title="bbox 467 3599 2052 3669">
     <span class='ocr_line' id='line_1_67' title="bbox 467 3599 2052 3669; baseline 0.003 -19"><span class='ocrx_word' id='word_1_486' title='bbox 467 3611 836 3669; x_wconf 67' lang='lat' dir='ltr'><strong>perseverans,</strong></span> <span class='ocrx_word' id='word_1_487' title='bbox 870 3614 1084 3654; x_wconf 91' lang='lat' dir='ltr'><strong>assume</strong></span> <span class='ocrx_word' id='word_1_488' title='bbox 1133 3611 1440 3665; x_wconf 89' lang='lat' dir='ltr'><strong>certamen;</strong></span> <span class='ocrx_word' id='word_1_489' title='bbox 1473 3608 1564 3652; x_wconf 91' lang='lat' dir='ltr'><strong>aut</strong></span> <span class='ocrx_word' id='word_1_490' title='bbox 1615 3599 1918 3654; x_wconf 89' lang='lat' dir='ltr'><strong>nullatenus</strong></span> <span class='ocrx_word' id='word_1_491' title='bbox 1957 3615 2052 3654; x_wconf 87' lang='lat' dir='ltr'><strong>au-</strong></span> 
     </span>
    </p>
   </div>
   <div class='ocr_carea' id='block_1_68' title="bbox 465 3684 2054 3757">
    <p class='ocr_par' dir='ltr' id='par_1_68' title="bbox 465 3684 2054 3757">
     <span class='ocr_line' id='line_1_68' title="bbox 465 3684 2054 3757; baseline -0.001 -14"><span class='ocrx_word' id='word_1_492' title='bbox 465 3693 592 3744; x_wconf 78' lang='lat' dir='ltr'><strong>deas</strong></span> <span class='ocrx_word' id='word_1_493' title='bbox 615 3689 795 3744; x_wconf 89' lang='lat' dir='ltr'><strong>violati</strong></span> <span class='ocrx_word' id='word_1_494' title='bbox 824 3689 1144 3744; x_wconf 82' lang='lat' dir='ltr'><strong>sacramenti</strong></span> <span class='ocrx_word' id='word_1_495' title='bbox 1173 3684 1409 3743; x_wconf 79' lang='lat' dir='ltr'><strong>facinore</strong></span> <span class='ocrx_word' id='word_1_496' title='bbox 1437 3696 1742 3757; x_wconf 85' lang='lat' dir='ltr'><strong>perpetrato</strong></span> <span class='ocrx_word' id='word_1_497' title='bbox 1763 3688 2054 3756; x_wconf 78' lang='lat' dir='ltr'><strong>rempubli-</strong></span> 
     </span>
    </p>
   </div>
   <div class='ocr_carea' id='block_1_69' title="bbox 465 3779 2053 3850">
    <p class='ocr_par' dir='ltr' id='par_1_69' title="bbox 465 3779 2053 3850">
     <span class='ocr_line' id='line_1_69' title="bbox 465 3779 2053 3850; baseline 0.001 -17"><span class='ocrx_word' id='word_1_498' title='bbox 465 3798 582 3836; x_wconf 78' lang='lat' dir='ltr'><strong>ram</strong></span> <span class='ocrx_word' id='word_1_499' title='bbox 616 3781 843 3835; x_wconf 84' lang='lat' dir='ltr'><strong>liberare</strong></span> <span class='ocrx_word' id='word_1_500' title='bbox 870 3780 949 3835; x_wconf 88' lang='lat' dir='ltr'><strong>vel</strong></span> <span class='ocrx_word' id='word_1_501' title='bbox 979 3779 1258 3850; x_wconf 86' lang='lat' dir='ltr'><strong>adiuvare.</strong></span> <span class='ocrx_word' id='word_1_502' title='bbox 1284 3780 1422 3846; x_wconf 87' lang='lat' dir='ltr'><strong>Quid</strong></span> <span class='ocrx_word' id='word_1_503' title='bbox 1449 3783 1590 3835; x_wconf 87' lang='lat' dir='ltr'><strong>enim</strong></span> <span class='ocrx_word' id='word_1_504' title='bbox 1622 3779 1839 3850; x_wconf 87' lang='lat' dir='ltr'><strong>prodest</strong></span> <span class='ocrx_word' id='word_1_505' title='bbox 1865 3781 1914 3834; x_wconf 92' lang='lat' dir='ltr'><strong>ei</strong></span> <span class='ocrx_word' id='word_1_506' title='bbox 1939 3779 2053 3834; x_wconf 85' lang='lat' dir='ltr'><strong>vin-</strong></span> 
     </span>
    </p>
   </div>
   <div class='ocr_carea' id='block_1_70' title="bbox 467 3871 2052 3942">
    <p class='ocr_par' dir='ltr' id='par_1_70' title="bbox 467 3871 2052 3942">
     <span class='ocr_line' id='line_1_70' title="bbox 467 3871 2052 3942; baseline -0.001 -13"><span class='ocrx_word' id='word_1_507' title='bbox 467 3889 610 3939; x_wconf 84' lang='lat' dir='ltr'><strong>cere,</strong></span> <span class='ocrx_word' id='word_1_508' title='bbox 635 3887 791 3942; x_wconf 86' lang='lat' dir='ltr'><strong>quem</strong></span> <span class='ocrx_word' id='word_1_509' title='bbox 821 3871 1065 3926; x_wconf 91' lang='lat' dir='ltr'><strong>diabolus</strong></span> <span class='ocrx_word' id='word_1_510' title='bbox 1089 3872 1232 3937; x_wconf 91' lang='lat' dir='ltr'><strong>vicit,</strong></span> <span class='ocrx_word' id='word_1_511' title='bbox 1265 3880 1324 3926; x_wconf 89' lang='lat' dir='ltr'><strong>ut</strong></span> <span class='ocrx_word' id='word_1_512' title='bbox 1349 3873 1586 3927; x_wconf 67' lang='lat' dir='ltr'><strong>victoria:</strong></span> <span class='ocrx_word' id='word_1_513' title='bbox 1626 3887 1721 3942; x_wconf 88' lang='lat' dir='ltr'><strong>spe</strong></span> <span class='ocrx_word' id='word_1_514' title='bbox 1751 3872 1939 3927; x_wconf 87' lang='lat' dir='ltr'><strong>falsum</strong></span> <span class='ocrx_word' id='word_1_515' title='bbox 1966 3873 2052 3942; x_wconf 89' lang='lat' dir='ltr'><strong>iu—</strong></span> 
     </span>
    </p>
   </div>
   <div class='ocr_carea' id='block_1_71' title="bbox 425 3962 2054 4032">
    <p class='ocr_par' dir='ltr' id='par_1_71' title="bbox 425 3962 2054 4032">
     <span class='ocr_line' id='line_1_71' title="bbox 425 3962 2054 4032; baseline -0.002 -15"><span class='ocrx_word' id='word_1_516' title='bbox 425 3991 428 3994; x_wconf 95' lang='lat'><strong><em>-</em></strong></span> <span class='ocrx_word' id='word_1_517' title='bbox 467 3964 646 4018; x_wconf 75' lang='lat' dir='ltr'><strong>rat-et?</strong></span> <span class='ocrx_word' id='word_1_518' title='bbox 681 3963 718 4016; x_wconf 81' lang='grc' dir='ltr'><strong>Β</strong></span> <span class='ocrx_word' id='word_1_519' title='bbox 757 3977 882 4016; x_wconf 91' lang='lat' dir='ltr'><strong>num</strong></span> <span class='ocrx_word' id='word_1_520' title='bbox 914 3973 995 4017; x_wconf 88' lang='lat' dir='ltr'><strong>est</strong></span> <span class='ocrx_word' id='word_1_521' title='bbox 1025 3970 1086 4017; x_wconf 90' lang='lat' dir='ltr'><strong>ut</strong></span> <span class='ocrx_word' id='word_1_522' title='bbox 1107 3977 1322 4032; x_wconf 83' lang='lat' dir='ltr'><strong>semper</strong></span> <span class='ocrx_word' id='word_1_523' title='bbox 1358 3962 1605 4017; x_wconf 86' lang='lat' dir='ltr'><strong>humanis</strong></span> <span class='ocrx_word' id='word_1_524' title='bbox 1635 3963 1813 4017; x_wconf 91' lang='lat' dir='ltr'><strong>divina</strong></span> <span class='ocrx_word' id='word_1_525' title='bbox 1848 3978 2054 4031; x_wconf 77' lang='lat' dir='ltr'><strong>pracpo-</strong></span> 
     </span>
    </p>
   </div>
   <div class='ocr_carea' id='block_1_72' title="bbox 467 4050 2049 4123">
    <p class='ocr_par' dir='ltr' id='par_1_72' title="bbox 467 4050 2049 4123">
     <span class='ocr_line' id='line_1_72' title="bbox 467 4050 2049 4123; baseline 0.002 -19"><span class='ocrx_word' id='word_1_526' title='bbox 467 4067 582 4120; x_wconf 85' lang='lat' dir='ltr'><strong>nas,</strong></span> <span class='ocrx_word' id='word_1_527' title='bbox 627 4063 682 4106; x_wconf 91' lang='lat' dir='ltr'><strong>et</strong></span> <span class='ocrx_word' id='word_1_528' title='bbox 721 4067 856 4107; x_wconf 81' lang='lat' dir='ltr'><strong>voce</strong></span> <span class='ocrx_word' id='word_1_529' title='bbox 901 4054 1070 4107; x_wconf 84' lang='lat' dir='ltr'><strong>saneti</strong></span> <span class='ocrx_word' id='word_1_530' title='bbox 1119 4053 1217 4108; x_wconf 88' lang='lat' dir='ltr'><strong>Job</strong></span> <span class='ocrx_word' id='word_1_531' title='bbox 1259 4053 1447 4115; x_wconf 89' lang='lat' dir='ltr'><strong>libere,</strong></span> <span class='ocrx_word' id='word_1_532' title='bbox 1480 4050 1709 4107; x_wconf 82' lang='lat' dir='ltr'><strong>libenter</strong></span> <span class='ocrx_word' id='word_1_533' title='bbox 1753 4053 1984 4123; x_wconf 81' lang='lat' dir='ltr'><strong>loquaris</strong></span> <span class='ocrx_word' id='word_1_534' title='bbox 2035 4069 2049 4107; x_wconf 91' lang='lat'><strong>:</strong></span> 
     </span>
    </p>
   </div>
   <div class='ocr_carea' id='block_1_73' title="bbox 469 4146 2052 4218">
    <p class='ocr_par' dir='ltr' id='par_1_73' title="bbox 469 4146 2052 4218">
     <span class='ocr_line' id='line_1_73' title="bbox 469 4146 2052 4218; baseline 0 -19"><span class='ocrx_word' id='word_1_535' title='bbox 469 4147 632 4200; x_wconf 84' lang='lat' dir='ltr'><strong>Sicuti</strong></span> <span class='ocrx_word' id='word_1_536' title='bbox 678 4148 948 4218; x_wconf 77' lang='lat' dir='ltr'><strong>pendentes</strong></span> <span class='ocrx_word' id='word_1_537' title='bbox 994 4163 1144 4216; x_wconf 85' lang='lat' dir='ltr'><strong>super</strong></span> <span class='ocrx_word' id='word_1_538' title='bbox 1191 4162 1270 4199; x_wconf 83' lang='lat' dir='ltr'><strong>me</strong></span> <span class='ocrx_word' id='word_1_539' title='bbox 1317 4149 1508 4214; x_wconf 81' lang='lat' dir='ltr'><strong>ﬂuctus</strong></span> <span class='ocrx_word' id='word_1_540' title='bbox 1555 4147 1747 4212; x_wconf 83' lang='lat' dir='ltr'><strong>moris,</strong></span> <span class='ocrx_word' id='word_1_541' title='bbox 1789 4147 1861 4199; x_wconf 86' lang='lat' dir='ltr'><strong>ita</strong></span> <span class='ocrx_word' id='word_1_542' title='bbox 1909 4146 2052 4199; x_wconf 80' lang='lat' dir='ltr'><strong>timui</strong></span> 
     </span>
    </p>
   </div>
   <div class='ocr_carea' id='block_1_74' title="bbox 470 4235 2050 4310">
    <p class='ocr_par' dir='ltr' id='par_1_74' title="bbox 470 4235 2050 4310">
     <span class='ocr_line' id='line_1_74' title="bbox 470 4235 2050 4310; baseline -0.001 -19"><span class='ocrx_word' id='word_1_543' title='bbox 470 4240 633 4293; x_wconf 81' lang='lat' dir='ltr'><strong>Deum</strong></span> <span class='ocrx_word' id='word_1_544' title='bbox 681 4236 824 4310; x_wconf 81' lang='lat' dir='ltr'><strong>(Job.</strong></span> <span class='ocrx_word' id='word_1_545' title='bbox 857 4251 1004 4303; x_wconf 75' lang='lat' dir='ltr'><strong>xxxi,</strong></span> <span class='ocrx_word' id='word_1_546' title='bbox 1035 4237 1150 4306; x_wconf 65' lang='lat'><strong>25).</strong></span> <span class='ocrx_word' id='word_1_547' title='bbox 1181 4235 1405 4304; x_wconf 82' lang='lat' dir='ltr'><strong>Propter</strong></span> <span class='ocrx_word' id='word_1_548' title='bbox 1455 4236 1557 4290; x_wconf 88' lang='lat' dir='ltr'><strong>hoc</strong></span> <span class='ocrx_word' id='word_1_549' title='bbox 1606 4235 1881 4290; x_wconf 86' lang='lat' dir='ltr'><strong>Psalmista</strong></span> <span class='ocrx_word' id='word_1_550' title='bbox 1925 4238 2050 4291; x_wconf 88' lang='lat' dir='ltr'><strong>dum</strong></span> 
     </span>
    </p>
   </div>
   <div class='ocr_carea' id='block_1_75' title="bbox 469 4325 2054 4396">
    <p class='ocr_par' dir='ltr' id='par_1_75' title="bbox 469 4325 2054 4396">
     <span class='ocr_line' id='line_1_75' title="bbox 469 4325 2054 4396; baseline -0.001 -13"><span class='ocrx_word' id='word_1_551' title='bbox 469 4337 687 4386; x_wconf 88' lang='lat' dir='ltr'><strong>caneret</strong></span> <span class='ocrx_word' id='word_1_552' title='bbox 718 4347 730 4381; x_wconf 86' lang='lat'>:</span> <span class='ocrx_word' id='word_1_553' title='bbox 764 4328 1002 4394; x_wconf 79' lang='lat' dir='ltr'><strong>Domine,</strong></span> <span class='ocrx_word' id='word_1_554' title='bbox 1030 4329 1144 4396; x_wconf 80' lang='lat' dir='ltr'><strong>quis</strong></span> <span class='ocrx_word' id='word_1_555' title='bbox 1188 4326 1431 4380; x_wconf 81' lang='lat' dir='ltr'><strong>habitabit</strong></span> <span class='ocrx_word' id='word_1_556' title='bbox 1473 4325 1527 4379; x_wconf 86' lang='lat' dir='ltr'><strong>in</strong></span> <span class='ocrx_word' id='word_1_557' title='bbox 1574 4326 1900 4381; x_wconf 78' lang='lat' dir='ltr'><strong>tabernaculo</strong></span> <span class='ocrx_word' id='word_1_558' title='bbox 1930 4329 2054 4382; x_wconf 85' lang='lat' dir='ltr'><strong>tuo?</strong></span> 
     </span>
    </p>
   </div>
   <div class='ocr_carea' id='block_1_76' title="bbox 431 4416 2053 4491">
    <p class='ocr_par' dir='ltr' id='par_1_76' title="bbox 431 4416 2053 4491">
     <span class='ocr_line' id='line_1_76' title="bbox 431 4416 2053 4491; baseline -0.001 -17"><span class='ocrx_word' id='word_1_559' title='bbox 431 4471 442 4481; x_wconf 87' lang='lat'><strong>_</strong></span> <span class='ocrx_word' id='word_1_560' title='bbox 470 4431 558 4474; x_wconf 83' lang='lat' dir='ltr'><strong>aut</strong></span> <span class='ocrx_word' id='word_1_561' title='bbox 587 4421 701 4489; x_wconf 83' lang='lat' dir='ltr'><strong>quis</strong></span> <span class='ocrx_word' id='word_1_562' title='bbox 741 4420 1017 4488; x_wconf 77' lang='lat' dir='ltr'><strong>requiescet</strong></span> <span class='ocrx_word' id='word_1_563' title='bbox 1045 4419 1099 4472; x_wconf 84' lang='lat' dir='ltr'><strong>in</strong></span> <span class='ocrx_word' id='word_1_564' title='bbox 1126 4427 1294 4472; x_wconf 84' lang='lat' dir='ltr'><strong>monte</strong></span> <span class='ocrx_word' id='word_1_565' title='bbox 1322 4426 1499 4472; x_wconf 81' lang='lat' dir='ltr'><strong>sancto</strong></span> <span class='ocrx_word' id='word_1_566' title='bbox 1542 4426 1632 4472; x_wconf 87' lang='lat' dir='ltr'><strong>tuo</strong></span> <span class='ocrx_word' id='word_1_567' title='bbox 1672 4416 1791 4490; x_wconf 88' lang='lat' dir='ltr'><strong>(Ps.</strong></span> <span class='ocrx_word' id='word_1_568' title='bbox 1821 4434 1928 4485; x_wconf 80' lang='lat' dir='ltr'><strong>xw,</strong></span> <span class='ocrx_word' id='word_1_569' title='bbox 1957 4418 2053 4491; x_wconf 79' lang='lat' dir='ltr'><strong>l)?</strong></span> 
     </span>
    </p>
   </div>
   <div class='ocr_carea' id='block_1_77' title="bbox 469 4509 2050 4579">
    <p class='ocr_par' dir='ltr' id='par_1_77' title="bbox 469 4509 2050 4579">
     <span class='ocr_line' id='line_1_77' title="bbox 469 4509 2050 4579; baseline -0.001 -15"><span class='ocrx_word' id='word_1_570' title='bbox 469 4509 758 4579; x_wconf 72' lang='lat' dir='ltr'><strong>re~pondet</strong></span> <span class='ocrx_word' id='word_1_571' title='bbox 805 4509 906 4564; x_wconf 90' lang='lat' dir='ltr'><strong>sibi</strong></span> <span class='ocrx_word' id='word_1_572' title='bbox 946 4524 1008 4563; x_wconf 85' lang='lat' dir='ltr'><strong>ex</strong></span> <span class='ocrx_word' id='word_1_573' title='bbox 1050 4523 1276 4578; x_wconf 84' lang='lat' dir='ltr'><strong>persona</strong></span> <span class='ocrx_word' id='word_1_574' title='bbox 1321 4509 1415 4565; x_wconf 90' lang='lat' dir='ltr'><strong>Dei</strong></span> <span class='ocrx_word' id='word_1_575' title='bbox 1446 4509 1643 4565; x_wconf 84' lang='lat' dir='ltr'><strong>talibus</strong></span> <span class='ocrx_word' id='word_1_576' title='bbox 1685 4510 1902 4566; x_wconf 88' lang='lat' dir='ltr'><strong>verbis:</strong></span> <span class='ocrx_word' id='word_1_577' title='bbox 1948 4511 2050 4577; x_wconf 83' lang='lat' dir='ltr'><strong>Qui</strong></span> 
     </span>
    </p>
   </div>
   <div class='ocr_carea' id='block_1_78' title="bbox 2156 3329 3744 3398">
    <p class='ocr_par' dir='ltr' id='par_1_78' title="bbox 2156 3329 3744 3398">
     <span class='ocr_line' id='line_1_78' title="bbox 2156 3329 3744 3398; baseline -0.001 -17"><span class='ocrx_word' id='word_1_578' title='bbox 2156 3345 2315 3398; x_wconf 78' lang='lat' dir='ltr'><strong>neque</strong></span> <span class='ocrx_word' id='word_1_579' title='bbox 2359 3343 2448 3397; x_wconf 81' lang='lat' dir='ltr'><strong>per</strong></span> <span class='ocrx_word' id='word_1_580' title='bbox 2493 3330 2694 3392; x_wconf 75' lang='lat' dir='ltr'><strong>caelum,</strong></span> <span class='ocrx_word' id='word_1_581' title='bbox 2729 3344 2885 3398; x_wconf 70' lang='lat' dir='ltr'><strong>neque</strong></span> <span class='ocrx_word' id='word_1_582' title='bbox 2912 3345 3002 3396; x_wconf 81' lang='lat' dir='ltr'><strong>per</strong></span> <span class='ocrx_word' id='word_1_583' title='bbox 3032 3338 3214 3382; x_wconf 83' lang='lat' dir='ltr'><strong>terram</strong></span> <span class='ocrx_word' id='word_1_584' title='bbox 3244 3344 3264 3381; x_wconf 92' lang='lat'><strong><em>:</em></strong></span> <span class='ocrx_word' id='word_1_585' title='bbox 3293 3329 3356 3382; x_wconf 82' lang='lat' dir='ltr'><strong>sit</strong></span> <span class='ocrx_word' id='word_1_586' title='bbox 3383 3339 3553 3381; x_wconf 70' lang='lat' dir='ltr'><strong>autem</strong></span> <span class='ocrx_word' id='word_1_587' title='bbox 3579 3343 3744 3380; x_wconf 65' lang='lat' dir='ltr'><strong>verum</strong></span> 
     </span>
    </p>
   </div>
   <div class='ocr_carea' id='block_1_79' title="bbox 2155 3419 3742 3490">
    <p class='ocr_par' dir='ltr' id='par_1_79' title="bbox 2155 3419 3742 3490">
     <span class='ocr_line' id='line_1_79' title="bbox 2155 3419 3742 3490; baseline 0.001 -17"><span class='ocrx_word' id='word_1_588' title='bbox 2155 3429 2331 3485; x_wconf 82' lang='lat' dir='ltr'><strong>vester,</strong></span> <span class='ocrx_word' id='word_1_589' title='bbox 2373 3432 2449 3474; x_wconf 78' lang='lat' dir='ltr'><strong>est</strong></span> <span class='ocrx_word' id='word_1_590' title='bbox 2487 3430 2580 3484; x_wconf 83' lang='lat' dir='ltr'><strong>est,</strong></span> <span class='ocrx_word' id='word_1_591' title='bbox 2627 3436 2727 3473; x_wconf 84' lang='lat' dir='ltr'><strong>non</strong></span> <span class='ocrx_word' id='word_1_592' title='bbox 2772 3436 2874 3474; x_wconf 80' lang='lat' dir='ltr'><strong>non</strong></span> <span class='ocrx_word' id='word_1_593' title='bbox 2923 3419 3134 3490; x_wconf 79' lang='lat' dir='ltr'><strong>(Matth.</strong></span> <span class='ocrx_word' id='word_1_594' title='bbox 3161 3435 3214 3486; x_wconf 78' lang='grc' dir='ltr'><strong>ν,</strong></span> <span class='ocrx_word' id='word_1_595' title='bbox 3243 3420 3356 3486; x_wconf 66' lang='grc'><strong>54).</strong></span> <span class='ocrx_word' id='word_1_596' title='bbox 3389 3420 3522 3485; x_wconf 76' lang='lat' dir='ltr'><strong>Qua:</strong></span> <span class='ocrx_word' id='word_1_597' title='bbox 3561 3420 3742 3488; x_wconf 77' lang='lat' dir='ltr'><strong>u‘ique</strong></span> 
     </span>
    </p>
   </div>
   <div class='ocr_carea' id='block_1_80' title="bbox 2153 3511 3740 3585">
    <p class='ocr_par' dir='ltr' id='par_1_80' title="bbox 2153 3511 3740 3585">
     <span class='ocr_line' id='line_1_80' title="bbox 2153 3511 3740 3585; baseline 0 -18"><span class='ocrx_word' id='word_1_598' title='bbox 2153 3515 2390 3585; x_wconf 82' lang='lat' dir='ltr'><strong>quisquis</strong></span> <span class='ocrx_word' id='word_1_599' title='bbox 2419 3522 2690 3584; x_wconf 86' lang='lat' dir='ltr'><strong>operatur,</strong></span> <span class='ocrx_word' id='word_1_600' title='bbox 2717 3514 2949 3567; x_wconf 88' lang='lat' dir='ltr'><strong>imitator</strong></span> <span class='ocrx_word' id='word_1_601' title='bbox 2978 3512 3166 3568; x_wconf 77' lang='lat' dir='ltr'><strong>existit</strong></span> <span class='ocrx_word' id='word_1_602' title='bbox 3189 3513 3359 3580; x_wconf 82' lang='lat' dir='ltr'><strong>ipsius</strong></span> <span class='ocrx_word' id='word_1_603' title='bbox 3394 3511 3511 3566; x_wconf 84' lang='lat' dir='ltr'><strong>Filii</strong></span> <span class='ocrx_word' id='word_1_604' title='bbox 3531 3512 3654 3578; x_wconf 85' lang='lat' dir='ltr'><strong>Dei,</strong></span> <span class='ocrx_word' id='word_1_605' title='bbox 3674 3511 3740 3567; x_wconf 84' lang='lat' dir='ltr'><strong>de</strong></span> 
     </span>
    </p>
   </div>
   <div class='ocr_carea' id='block_1_81' title="bbox 2153 3602 3741 3676">
    <p class='ocr_par' dir='ltr' id='par_1_81' title="bbox 2153 3602 3741 3676">
     <span class='ocr_line' id='line_1_81' title="bbox 2153 3602 3741 3676; baseline -0.001 -18"><span class='ocrx_word' id='word_1_606' title='bbox 2153 3623 2259 3676; x_wconf 79' lang='lat' dir='ltr'><strong>quo</strong></span> <span class='ocrx_word' id='word_1_607' title='bbox 2289 3607 2473 3660; x_wconf 88' lang='lat' dir='ltr'><strong>beatus</strong></span> <span class='ocrx_word' id='word_1_608' title='bbox 2506 3606 2578 3658; x_wconf 91' lang='lat' dir='ltr'><strong>ita</strong></span> <span class='ocrx_word' id='word_1_609' title='bbox 2608 3604 2842 3673; x_wconf 88' lang='lat' dir='ltr'><strong>loquitur</strong></span> <span class='ocrx_word' id='word_1_610' title='bbox 2871 3603 3066 3658; x_wconf 87' lang='lat' dir='ltr'><strong>Paulus</strong></span> <span class='ocrx_word' id='word_1_611' title='bbox 3097 3622 3108 3658; x_wconf 90' lang='lat'>:</span> <span class='ocrx_word' id='word_1_612' title='bbox 3145 3602 3265 3657; x_wconf 83' lang='lat' dir='ltr'><strong>Non</strong></span> <span class='ocrx_word' id='word_1_613' title='bbox 3295 3611 3370 3657; x_wconf 78' lang='lat' dir='ltr'><strong>est</strong></span> <span class='ocrx_word' id='word_1_614' title='bbox 3409 3604 3464 3656; x_wconf 85' lang='lat' dir='ltr'><strong>in</strong></span> <span class='ocrx_word' id='word_1_615' title='bbox 3507 3603 3601 3657; x_wconf 80' lang='lat' dir='ltr'><strong>illo</strong></span> <span class='ocrx_word' id='word_1_616' title='bbox 3644 3617 3741 3657; x_wconf 73' lang='lat' dir='ltr'><strong>csr</strong></span> 
     </span>
    </p>
   </div>
   <div class='ocr_carea' id='block_1_82' title="bbox 2153 3693 3736 3767">
    <p class='ocr_par' dir='ltr' id='par_1_82' title="bbox 2153 3693 3736 3767">
     <span class='ocr_line' id='line_1_82' title="bbox 2153 3693 3736 3767; baseline -0.005 -13"><span class='ocrx_word' id='word_1_617' title='bbox 2153 3710 2203 3754; x_wconf 88' lang='lat' dir='ltr'><strong>et</strong></span> <span class='ocrx_word' id='word_1_618' title='bbox 2233 3715 2364 3765; x_wconf 68' lang='lat' dir='ltr'><strong>non;</strong></span> <span class='ocrx_word' id='word_1_619' title='bbox 2395 3699 2484 3754; x_wconf 83' lang='lat' dir='ltr'><strong>sed</strong></span> <span class='ocrx_word' id='word_1_620' title='bbox 2513 3713 2607 3752; x_wconf 77' lang='lat' dir='ltr'><strong>EST</strong></span> <span class='ocrx_word' id='word_1_621' title='bbox 2638 3698 2689 3751; x_wconf 82' lang='lat' dir='ltr'><strong>in</strong></span> <span class='ocrx_word' id='word_1_622' title='bbox 2715 3698 2806 3751; x_wconf 85' lang='lat' dir='ltr'><strong>illo</strong></span> <span class='ocrx_word' id='word_1_623' title='bbox 2832 3697 2929 3767; x_wconf 77' lang='lat' dir='ltr'><strong>fuit</strong></span> <span class='ocrx_word' id='word_1_624' title='bbox 2958 3696 3040 3766; x_wconf 82' lang='grc' dir='ltr'><strong>(ΙΙ</strong></span> <span class='ocrx_word' id='word_1_625' title='bbox 3067 3695 3189 3752; x_wconf 86' lang='lat' dir='ltr'><strong>Cor.</strong></span> <span class='ocrx_word' id='word_1_626' title='bbox 3210 3710 3247 3760; x_wconf 90' lang='grc' dir='ltr'><strong>ι,</strong></span> <span class='ocrx_word' id='word_1_627' title='bbox 3276 3693 3477 3763; x_wconf 68' lang='grc'><strong>18,19)</strong></span> <span class='ocrx_word' id='word_1_628' title='bbox 3507 3709 3736 3764; x_wconf 82' lang='lat' dir='ltr'><strong>semper.</strong></span> 
     </span>
    </p>
   </div>
   <div class='ocr_carea' id='block_1_83' title="bbox 2155 3786 3736 3860">
    <p class='ocr_par' dir='ltr' id='par_1_83' title="bbox 2155 3786 3736 3860">
     <span class='ocr_line' id='line_1_83' title="bbox 2155 3786 3736 3860; baseline -0.004 -16"><span class='ocrx_word' id='word_1_629' title='bbox 2155 3790 2507 3845; x_wconf 84' lang='lat' dir='ltr'><strong>lmmutabilis</strong></span> <span class='ocrx_word' id='word_1_630' title='bbox 2554 3789 2754 3860; x_wconf 84' lang='lat' dir='ltr'><strong>quippe</strong></span> <span class='ocrx_word' id='word_1_631' title='bbox 2800 3796 2912 3855; x_wconf 89' lang='lat' dir='ltr'><strong>est,</strong></span> <span class='ocrx_word' id='word_1_632' title='bbox 2942 3788 3080 3843; x_wconf 84' lang='lat' dir='ltr'><strong>sicut</strong></span> <span class='ocrx_word' id='word_1_633' title='bbox 3122 3801 3281 3842; x_wconf 86' lang='lat' dir='ltr'><strong>verus</strong></span> <span class='ocrx_word' id='word_1_634' title='bbox 3324 3786 3498 3853; x_wconf 83' lang='lat' dir='ltr'><strong>Deus,</strong></span> <span class='ocrx_word' id='word_1_635' title='bbox 3528 3797 3582 3842; x_wconf 89' lang='lat' dir='ltr'><strong>et</strong></span> <span class='ocrx_word' id='word_1_636' title='bbox 3622 3802 3736 3840; x_wconf 80' lang='lat' dir='ltr'><strong>cum</strong></span> 
     </span>
    </p>
   </div>
   <div class='ocr_carea' id='block_1_84' title="bbox 2156 3877 3742 3951">
    <p class='ocr_par' dir='ltr' id='par_1_84' title="bbox 2156 3877 3742 3951">
     <span class='ocr_line' id='line_1_84' title="bbox 2156 3877 3742 3951; baseline -0.003 -14"><span class='ocrx_word' id='word_1_637' title='bbox 2156 3882 2312 3937; x_wconf 85' lang='lat' dir='ltr'><strong>Patre</strong></span> <span class='ocrx_word' id='word_1_638' title='bbox 2339 3891 2392 3937; x_wconf 91' lang='lat' dir='ltr'><strong>et</strong></span> <span class='ocrx_word' id='word_1_639' title='bbox 2423 3881 2626 3951; x_wconf 88' lang='lat' dir='ltr'><strong>Spiritu</strong></span> <span class='ocrx_word' id='word_1_640' title='bbox 2655 3890 2841 3936; x_wconf 87' lang='lat' dir='ltr'><strong>sancto</strong></span> <span class='ocrx_word' id='word_1_641' title='bbox 2871 3880 3184 3935; x_wconf 88' lang='lat' dir='ltr'><strong>naturaliter</strong></span> <span class='ocrx_word' id='word_1_642' title='bbox 3213 3893 3350 3934; x_wconf 86' lang='lat' dir='ltr'><strong>unus</strong></span> <span class='ocrx_word' id='word_1_643' title='bbox 3381 3879 3547 3934; x_wconf 82' lang='lat' dir='ltr'><strong>Deus.</strong></span> <span class='ocrx_word' id='word_1_644' title='bbox 3578 3877 3742 3947; x_wconf 74' lang='lat' dir='ltr'><strong>Cuius</strong></span> 
     </span>
    </p>
   </div>
   <div class='ocr_carea' id='block_1_85' title="bbox 2155 3970 3729 4042">
    <p class='ocr_par' dir='ltr' id='par_1_85' title="bbox 2155 3970 3729 4042">
     <span class='ocr_line' id='line_1_85' title="bbox 2155 3970 3729 4042; baseline -0.004 -15"><span class='ocrx_word' id='word_1_645' title='bbox 2155 3988 2353 4028; x_wconf 86' lang='lat' dir='ltr'><strong>nomen</strong></span> <span class='ocrx_word' id='word_1_646' title='bbox 2383 3972 2660 4042; x_wconf 89' lang='lat' dir='ltr'><strong>inquirens</strong></span> <span class='ocrx_word' id='word_1_647' title='bbox 2691 3971 3032 4027; x_wconf 87' lang='lat' dir='ltr'><strong>ﬁdelissimus</strong></span> <span class='ocrx_word' id='word_1_648' title='bbox 3055 3971 3284 4040; x_wconf 73' lang='lat' dir='ltr'><strong>Moyses,</strong></span> <span class='ocrx_word' id='word_1_649' title='bbox 3304 3983 3436 4024; x_wconf 86' lang='lat' dir='ltr'><strong>voce</strong></span> <span class='ocrx_word' id='word_1_650' title='bbox 3465 3971 3567 4024; x_wconf 87' lang='lat' dir='ltr'><strong>sibi</strong></span> <span class='ocrx_word' id='word_1_651' title='bbox 3593 3970 3729 4024; x_wconf 66' lang='lat' dir='ltr'><strong>caeli-</strong></span> 
     </span>
    </p>
   </div>
   <div class='ocr_carea' id='block_1_86' title="bbox 2156 4059 3744 4132">
    <p class='ocr_par' dir='ltr' id='par_1_86' title="bbox 2156 4059 3744 4132">
     <span class='ocr_line' id='line_1_86' title="bbox 2156 4059 3744 4132; baseline -0.004 -14"><span class='ocrx_word' id='word_1_652' title='bbox 2156 4073 2241 4119; x_wconf 91' lang='lat' dir='ltr'><strong>tus</strong></span> <span class='ocrx_word' id='word_1_653' title='bbox 2269 4063 2472 4118; x_wconf 87' lang='lat' dir='ltr'><strong>reddita</strong></span> <span class='ocrx_word' id='word_1_654' title='bbox 2504 4061 2888 4116; x_wconf 86' lang='lat' dir='ltr'><strong>tremebundus</strong></span> <span class='ocrx_word' id='word_1_655' title='bbox 2917 4061 3121 4116; x_wconf 86' lang='lat' dir='ltr'><strong>audivit</strong></span> <span class='ocrx_word' id='word_1_656' title='bbox 3150 4079 3163 4113; x_wconf 90' lang='lat'><strong>:</strong></span> <span class='ocrx_word' id='word_1_657' title='bbox 3195 4059 3306 4132; x_wconf 70' lang='lat' dir='ltr'><strong>Ego</strong></span> <span class='ocrx_word' id='word_1_658' title='bbox 3335 4076 3451 4112; x_wconf 82' lang='lat' dir='ltr'><strong>sum</strong></span> <span class='ocrx_word' id='word_1_659' title='bbox 3488 4063 3575 4128; x_wconf 81' lang='lat' dir='ltr'><strong>qui</strong></span> <span class='ocrx_word' id='word_1_660' title='bbox 3605 4075 3744 4112; x_wconf 68' lang='lat' dir='ltr'><strong>sunt.</strong></span> 
     </span>
    </p>
   </div>
   <div class='ocr_carea' id='block_1_87' title="bbox 2159 4149 3728 4224">
    <p class='ocr_par' dir='ltr' id='par_1_87' title="bbox 2159 4149 3728 4224">
     <span class='ocr_line' id='line_1_87' title="bbox 2159 4149 3728 4224; baseline -0.006 -14"><span class='ocrx_word' id='word_1_661' title='bbox 2159 4156 2221 4210; x_wconf 82' lang='lat' dir='ltr'><strong>Et</strong></span> <span class='ocrx_word' id='word_1_662' title='bbox 2249 4157 2386 4209; x_wconf 84' lang='lat' dir='ltr'><strong>dices</strong></span> <span class='ocrx_word' id='word_1_663' title='bbox 2417 4155 2538 4224; x_wconf 78' lang='lat' dir='ltr'><strong>ﬁliis</strong></span> <span class='ocrx_word' id='word_1_664' title='bbox 2569 4152 2734 4208; x_wconf 76' lang='lat' dir='ltr'><strong>Israel</strong></span> <span class='ocrx_word' id='word_1_665' title='bbox 2765 4168 2786 4208; x_wconf 89' lang='lat'><em>:</em></span> <span class='ocrx_word' id='word_1_666' title='bbox 2820 4152 2919 4220; x_wconf 79' lang='lat' dir='ltr'><strong>Qui</strong></span> <span class='ocrx_word' id='word_1_667' title='bbox 2947 4152 3202 4223; x_wconf 79' lang='lat' dir='ltr'><strong>esl,_ntisit</strong></span> <span class='ocrx_word' id='word_1_668' title='bbox 3229 4165 3310 4202; x_wconf 79' lang='lat' dir='ltr'><strong>me</strong></span> <span class='ocrx_word' id='word_1_669' title='bbox 3333 4151 3400 4203; x_wconf 77' lang='lat' dir='ltr'><strong>ad</strong></span> <span class='ocrx_word' id='word_1_670' title='bbox 3427 4165 3516 4203; x_wconf 78' lang='lat' dir='ltr'><strong>vos</strong></span> <span class='ocrx_word' id='word_1_671' title='bbox 3543 4149 3728 4218; x_wconf 64' lang='lat' dir='ltr'><strong>(Exod.</strong></span> 
     </span>
    </p>
   </div>
   <div class='ocr_carea' id='block_1_88' title="bbox 2156 4239 3740 4317">
    <p class='ocr_par' dir='ltr' id='par_1_88' title="bbox 2156 4239 3740 4317">
     <span class='ocr_line' id='line_1_88' title="bbox 2156 4239 3740 4317; baseline -0.007 -15"><span class='ocrx_word' id='word_1_672' title='bbox 2156 4264 2241 4315; x_wconf 85' lang='lat' dir='ltr'><strong>nt,</strong></span> <span class='ocrx_word' id='word_1_673' title='bbox 2267 4246 2380 4317; x_wconf 78' lang='lat' dir='ltr'><strong>M).</strong></span> <span class='ocrx_word' id='word_1_674' title='bbox 2415 4247 2661 4302; x_wconf 83' lang='lat' dir='ltr'><strong>Profecto</strong></span> <span class='ocrx_word' id='word_1_675' title='bbox 2689 4259 2878 4314; x_wconf 88' lang='lat' dir='ltr'><strong>magna</strong></span> <span class='ocrx_word' id='word_1_676' title='bbox 2914 4252 2997 4299; x_wconf 87' lang='lat' dir='ltr'><strong>est</strong></span> <span class='ocrx_word' id='word_1_677' title='bbox 3025 4242 3188 4314; x_wconf 84' lang='lat' dir='ltr'><strong>gloria</strong></span> <span class='ocrx_word' id='word_1_678' title='bbox 3219 4243 3270 4295; x_wconf 89' lang='lat' dir='ltr'><strong>in</strong></span> <span class='ocrx_word' id='word_1_679' title='bbox 3300 4255 3374 4296; x_wconf 86' lang='lat' dir='ltr'><strong>eo</strong></span> <span class='ocrx_word' id='word_1_680' title='bbox 3401 4255 3620 4296; x_wconf 88' lang='lat' dir='ltr'><strong>manere</strong></span> <span class='ocrx_word' id='word_1_681' title='bbox 3645 4239 3740 4309; x_wconf 84' lang='lat' dir='ltr'><strong>qui</strong></span> 
     </span>
    </p>
   </div>
   <div class='ocr_carea' id='block_1_89' title="bbox 2153 4330 3736 4408">
    <p class='ocr_par' dir='ltr' id='par_1_89' title="bbox 2153 4330 3736 4408">
     <span class='ocr_line' id='line_1_89' title="bbox 2153 4330 3736 4408; baseline -0.008 -14"><span class='ocrx_word' id='word_1_682' title='bbox 2153 4346 2258 4404; x_wconf 86' lang='lat' dir='ltr'><strong>est,</strong></span> <span class='ocrx_word' id='word_1_683' title='bbox 2281 4353 2402 4393; x_wconf 90' lang='lat' dir='ltr'><strong>eum</strong></span> <span class='ocrx_word' id='word_1_684' title='bbox 2445 4337 2594 4408; x_wconf 86' lang='lat' dir='ltr'><strong>sequi</strong></span> <span class='ocrx_word' id='word_1_685' title='bbox 2630 4336 2722 4406; x_wconf 86' lang='lat' dir='ltr'><strong>qui</strong></span> <span class='ocrx_word' id='word_1_686' title='bbox 2758 4345 2840 4390; x_wconf 89' lang='lat' dir='ltr'><strong>est</strong></span> <span class='ocrx_word' id='word_1_687' title='bbox 2880 4353 2893 4390; x_wconf 92' lang='lat'><strong>:</strong></span> <span class='ocrx_word' id='word_1_688' title='bbox 2925 4342 2982 4388; x_wconf 87' lang='lat' dir='ltr'><strong>et</strong></span> <span class='ocrx_word' id='word_1_689' title='bbox 3007 4334 3130 4402; x_wconf 85' lang='lat' dir='ltr'><strong>quia</strong></span> <span class='ocrx_word' id='word_1_690' title='bbox 3172 4347 3270 4386; x_wconf 85' lang='lat' dir='ltr'><strong>nos</strong></span> <span class='ocrx_word' id='word_1_691' title='bbox 3307 4331 3592 4386; x_wconf 72' lang='lat' dir='ltr'><strong>mutabiles</strong></span> <span class='ocrx_word' id='word_1_692' title='bbox 3617 4330 3736 4384; x_wconf 69' lang='lat' dir='ltr'><strong>facit</strong></span> 
     </span>
    </p>
   </div>
   <div class='ocr_carea' id='block_1_90' title="bbox 2156 4419 3736 4492">
    <p class='ocr_par' dir='ltr' id='par_1_90' title="bbox 2156 4419 3736 4492">
     <span class='ocr_line' id='line_1_90' title="bbox 2156 4419 3736 4492; baseline -0.008 -11"><span class='ocrx_word' id='word_1_693' title='bbox 2156 4427 2368 4481; x_wconf 87' lang='lat' dir='ltr'><strong>inﬁrma</strong></span> <span class='ocrx_word' id='word_1_694' title='bbox 2421 4433 2630 4492; x_wconf 89' lang='lat' dir='ltr'><strong>natura,</strong></span> <span class='ocrx_word' id='word_1_695' title='bbox 2657 4439 2756 4478; x_wconf 87' lang='lat' dir='ltr'><strong>nec</strong></span> <span class='ocrx_word' id='word_1_696' title='bbox 2805 4437 3086 4492; x_wconf 83' lang='lat' dir='ltr'><strong>possumus</strong></span> <span class='ocrx_word' id='word_1_697' title='bbox 3125 4419 3446 4475; x_wconf 88' lang='lat' dir='ltr'><strong>immutabili</strong></span> <span class='ocrx_word' id='word_1_698' title='bbox 3489 4419 3599 4475; x_wconf 85' lang='lat' dir='ltr'><strong>Deo</strong></span> <span class='ocrx_word' id='word_1_699' title='bbox 3643 4432 3736 4487; x_wconf 79' lang='lat' dir='ltr'><strong>per</strong></span> 
     </span>
    </p>
   </div>
   <div class='ocr_carea' id='block_1_91' title="bbox 2154 4510 3728 4588">
    <p class='ocr_par' dir='ltr' id='par_1_91' title="bbox 2154 4510 3728 4588">
     <span class='ocr_line' id='line_1_91' title="bbox 2154 4510 3728 4588; baseline -0.008 -16"><span class='ocrx_word' id='word_1_700' title='bbox 2154 4516 2413 4588; x_wconf 74' lang='lat' dir='ltr'><strong>aequalem</strong></span> <span class='ocrx_word' id='word_1_701' title='bbox 2463 4516 2753 4586; x_wconf 87' lang='lat' dir='ltr'><strong>potentiam</strong></span> <span class='ocrx_word' id='word_1_702' title='bbox 2799 4513 3119 4582; x_wconf 81' lang='lat' dir='ltr'><strong>comparari,</strong></span> <span class='ocrx_word' id='word_1_703' title='bbox 3154 4519 3211 4564; x_wconf 88' lang='lat' dir='ltr'><strong>ut</strong></span> <span class='ocrx_word' id='word_1_704' title='bbox 3255 4511 3394 4564; x_wconf 82' lang='lat' dir='ltr'><strong>sicut</strong></span> <span class='ocrx_word' id='word_1_705' title='bbox 3437 4524 3650 4579; x_wconf 78' lang='lat' dir='ltr'><strong>semper</strong></span> <span class='ocrx_word' id='word_1_706' title='bbox 3678 4510 3728 4561; x_wconf 84' lang='lat' dir='ltr'><strong>in</strong></span> 
     </span>
    </p>
   </div>
   <div class='ocr_carea' id='block_1_92' title="bbox 469 4599 2048 4678">
    <p class='ocr_par' dir='ltr' id='par_1_92' title="bbox 469 4599 2046 4674">
     <span class='ocr_line' id='line_1_92' title="bbox 469 4599 2046 4674; baseline -0.001 -19"><span class='ocrx_word' id='word_1_707' title='bbox 469 4601 696 4670; x_wconf 81' lang='lat' dir='ltr'><strong>loquitur</strong></span> <span class='ocrx_word' id='word_1_708' title='bbox 733 4600 994 4654; x_wconf 78' lang='lat' dir='ltr'><strong>ueritatem</strong></span> <span class='ocrx_word' id='word_1_709' title='bbox 1016 4601 1070 4653; x_wconf 86' lang='lat' dir='ltr'><strong>in</strong></span> <span class='ocrx_word' id='word_1_710' title='bbox 1098 4601 1252 4654; x_wconf 78' lang='lat' dir='ltr'><strong>corde</strong></span> <span class='ocrx_word' id='word_1_711' title='bbox 1280 4616 1396 4666; x_wconf 83' lang='lat' dir='ltr'><strong>suo,</strong></span> <span class='ocrx_word' id='word_1_712' title='bbox 1423 4601 1510 4671; x_wconf 84' lang='lat' dir='ltr'><strong>qui</strong></span> <span class='ocrx_word' id='word_1_713' title='bbox 1537 4616 1638 4654; x_wconf 83' lang='lat' dir='ltr'><strong>non</strong></span> <span class='ocrx_word' id='word_1_714' title='bbox 1664 4601 1764 4674; x_wconf 79' lang='lat' dir='ltr'><strong>egit</strong></span> <span class='ocrx_word' id='word_1_715' title='bbox 1795 4599 1968 4654; x_wconf 81' lang='lat' dir='ltr'><strong>dolum</strong></span> <span class='ocrx_word' id='word_1_716' title='bbox 1995 4602 2046 4654; x_wconf 82' lang='lat' dir='ltr'><strong>in</strong></span> 
     </span>
    </p>
   </div>
   <div class='ocr_carea' id='block_1_93' title="bbox 2155 4599 3727 4678">
    <p class='ocr_par' dir='ltr' id='par_1_93' title="bbox 2155 4600 3727 4672">
     <span class='ocr_line' id='line_1_93' title="bbox 2155 4600 3727 4672; baseline -0.008 -9"><span class='ocrx_word' id='word_1_717' title='bbox 2155 4608 2308 4664; x_wconf 88' lang='lat' dir='ltr'><strong>nobis</strong></span> <span class='ocrx_word' id='word_1_718' title='bbox 2335 4614 2438 4672; x_wconf 89' lang='lat' dir='ltr'><strong>est,</strong></span> <span class='ocrx_word' id='word_1_719' title='bbox 2460 4605 2532 4660; x_wconf 86' lang='lat' dir='ltr'><strong>ita</strong></span> <span class='ocrx_word' id='word_1_720' title='bbox 2556 4613 2610 4660; x_wconf 91' lang='lat' dir='ltr'><strong>et</strong></span> <span class='ocrx_word' id='word_1_721' title='bbox 2638 4619 2737 4659; x_wconf 91' lang='lat' dir='ltr'><strong>nos</strong></span> <span class='ocrx_word' id='word_1_722' title='bbox 2767 4607 2818 4657; x_wconf 86' lang='lat' dir='ltr'><strong>in</strong></span> <span class='ocrx_word' id='word_1_723' title='bbox 2851 4603 2942 4657; x_wconf 83' lang='lat' dir='ltr'><strong>illo</strong></span> <span class='ocrx_word' id='word_1_724' title='bbox 2969 4602 3241 4656; x_wconf 84' lang='lat' dir='ltr'><strong>valeams</strong></span> <span class='ocrx_word' id='word_1_725' title='bbox 3266 4615 3420 4664; x_wconf 85' lang='lat' dir='ltr'><strong>esse;</strong></span> <span class='ocrx_word' id='word_1_726' title='bbox 3449 4602 3521 4655; x_wconf 74' lang='lat' dir='ltr'><strong>sit</strong></span> <span class='ocrx_word' id='word_1_727' title='bbox 3545 4600 3727 4654; x_wconf 81' lang='lat' dir='ltr'><strong>saltem</strong></span> 
     </span>
    </p>
   </div>
   <div class='ocr_carea' id='block_1_94' title="bbox 469 4691 2047 4763">
    <p class='ocr_par' dir='ltr' id='par_1_94' title="bbox 469 4691 2047 4763">
     <span class='ocr_line' id='line_1_94' title="bbox 469 4691 2047 4763; baseline -0.001 -18"><span class='ocrx_word' id='word_1_728' title='bbox 469 4694 644 4761; x_wconf 80' lang='lat' dir='ltr'><strong>lingua</strong></span> <span class='ocrx_word' id='word_1_729' title='bbox 673 4707 787 4758; x_wconf 76' lang='lat' dir='ltr'><strong>sua,</strong></span> <span class='ocrx_word' id='word_1_730' title='bbox 816 4706 907 4744; x_wconf 79' lang='lat' dir='ltr'><strong>nec</strong></span> <span class='ocrx_word' id='word_1_731' title='bbox 957 4691 1073 4760; x_wconf 78' lang='lat' dir='ltr'><strong>fecit</strong></span> <span class='ocrx_word' id='word_1_732' title='bbox 1121 4692 1352 4759; x_wconf 74' lang='lat' dir='ltr'><strong>proximo</strong></span> <span class='ocrx_word' id='word_1_733' title='bbox 1389 4707 1483 4746; x_wconf 85' lang='lat' dir='ltr'><strong>suo</strong></span> <span class='ocrx_word' id='word_1_734' title='bbox 1526 4693 1739 4761; x_wconf 84' lang='lat' dir='ltr'><strong>malum,</strong></span> <span class='ocrx_word' id='word_1_735' title='bbox 1770 4700 1815 4745; x_wconf 83' lang='lat' dir='ltr'><strong>et</strong></span> <span class='ocrx_word' id='word_1_736' title='bbox 1862 4708 2047 4763; x_wconf 81' lang='lat' dir='ltr'><strong>appro-</strong></span> 
     </span>
    </p>
   </div>
   <div class='ocr_carea' id='block_1_95' title="bbox 468 4781 2047 4852">
    <p class='ocr_par' dir='ltr' id='par_1_95' title="bbox 468 4781 2047 4852">
     <span class='ocr_line' id='line_1_95' title="bbox 468 4781 2047 4852; baseline -0.001 -15"><span class='ocrx_word' id='word_1_737' title='bbox 468 4785 631 4837; x_wconf 82' lang='lat' dir='ltr'><strong>brium</strong></span> <span class='ocrx_word' id='word_1_738' title='bbox 681 4796 782 4836; x_wconf 84' lang='lat' dir='ltr'><strong>non</strong></span> <span class='ocrx_word' id='word_1_739' title='bbox 831 4781 1025 4850; x_wconf 81' lang='lat' dir='ltr'><strong>accepit</strong></span> <span class='ocrx_word' id='word_1_740' title='bbox 1081 4783 1322 4836; x_wconf 71' lang='lat' dir='ltr'><strong>adversus</strong></span> <span class='ocrx_word' id='word_1_741' title='bbox 1379 4781 1711 4852; x_wconf 69' lang='lat' dir='ltr'><strong>proximum;</strong></span> <span class='ocrx_word' id='word_1_742' title='bbox 1765 4783 1852 4852; x_wconf 87' lang='lat' dir='ltr'><strong>qui</strong></span> <span class='ocrx_word' id='word_1_743' title='bbox 1907 4783 2047 4849; x_wconf 82' lang='lat' dir='ltr'><strong>iurat</strong></span> 
     </span>
    </p>
   </div>
   <div class='ocr_carea' id='block_1_96' title="bbox 467 4869 2045 4943">
    <p class='ocr_par' dir='ltr' id='par_1_96' title="bbox 467 4869 2045 4943">
     <span class='ocr_line' id='line_1_96' title="bbox 467 4869 2045 4943; baseline -0.002 -17"><span class='ocrx_word' id='word_1_744' title='bbox 467 4875 699 4943; x_wconf 77' lang='lat' dir='ltr'><strong>proximo</strong></span> <span class='ocrx_word' id='word_1_745' title='bbox 728 4887 841 4938; x_wconf 88' lang='lat' dir='ltr'><strong>suo,</strong></span> <span class='ocrx_word' id='word_1_746' title='bbox 867 4881 914 4926; x_wconf 78' lang='lat' dir='ltr'><strong>et</strong></span> <span class='ocrx_word' id='word_1_747' title='bbox 937 4886 1041 4924; x_wconf 84' lang='lat' dir='ltr'><strong>non</strong></span> <span class='ocrx_word' id='word_1_748' title='bbox 1071 4871 1255 4938; x_wconf 85' lang='lat' dir='ltr'><strong>decipit</strong></span> <span class='ocrx_word' id='word_1_749' title='bbox 1280 4869 1464 4941; x_wconf 79' lang='lat' dir='ltr'><strong>(lbid.,</strong></span> <span class='ocrx_word' id='word_1_750' title='bbox 1487 4873 1541 4939; x_wconf 82' lang='grc'><strong>’5,</strong></span> <span class='ocrx_word' id='word_1_751' title='bbox 1567 4870 1646 4941; x_wconf 73' lang='grc'><strong>4).</strong></span> <span class='ocrx_word' id='word_1_752' title='bbox 1674 4871 1767 4926; x_wconf 91' lang='lat' dir='ltr'><strong>Ille</strong></span> <span class='ocrx_word' id='word_1_753' title='bbox 1795 4884 1922 4941; x_wconf 87' lang='lat' dir='ltr'><strong>ergo</strong></span> <span class='ocrx_word' id='word_1_754' title='bbox 1953 4872 2045 4924; x_wconf 85' lang='lat' dir='ltr'><strong>ba-</strong></span> 
     </span>
    </p>
   </div>
   <div class='ocr_carea' id='block_1_97' title="bbox 469 4962 2044 5032">
    <p class='ocr_par' dir='ltr' id='par_1_97' title="bbox 469 4962 2044 5032">
     <span class='ocr_line' id='line_1_97' title="bbox 469 4962 2044 5032; baseline 0.001 -14"><span class='ocrx_word' id='word_1_755' title='bbox 469 4965 659 5020; x_wconf 84' lang='lat' dir='ltr'><strong>bitabit</strong></span> <span class='ocrx_word' id='word_1_756' title='bbox 683 4965 735 5018; x_wconf 93' lang='lat' dir='ltr'><strong>in</strong></span> <span class='ocrx_word' id='word_1_757' title='bbox 769 4963 1112 5020; x_wconf 87' lang='lat' dir='ltr'><strong>tabernaculo</strong></span> <span class='ocrx_word' id='word_1_758' title='bbox 1138 4962 1370 5027; x_wconf 86' lang='lat' dir='ltr'><strong>Domini,</strong></span> <span class='ocrx_word' id='word_1_759' title='bbox 1387 4973 1445 5017; x_wconf 88' lang='lat' dir='ltr'><strong>et</strong></span> <span class='ocrx_word' id='word_1_760' title='bbox 1471 4965 1762 5032; x_wconf 84' lang='lat' dir='ltr'><strong>requiescet</strong></span> <span class='ocrx_word' id='word_1_761' title='bbox 1787 4965 1838 5017; x_wconf 90' lang='lat' dir='ltr'><strong>in</strong></span> <span class='ocrx_word' id='word_1_762' title='bbox 1863 4975 2044 5020; x_wconf 88' lang='lat' dir='ltr'><strong>monte</strong></span> 
     </span>
    </p>
   </div>
   <div class='ocr_carea' id='block_1_98' title="bbox 467 5053 2041 5124">
    <p class='ocr_par' dir='ltr' id='par_1_98' title="bbox 467 5053 2041 5124">
     <span class='ocr_line' id='line_1_98' title="bbox 467 5053 2041 5124; baseline 0.001 -16"><span class='ocrx_word' id='word_1_763' title='bbox 467 5066 652 5110; x_wconf 80' lang='lat' dir='ltr'><strong>sancto</strong></span> <span class='ocrx_word' id='word_1_764' title='bbox 683 5057 820 5124; x_wconf 87' lang='lat' dir='ltr'><strong>eius,</strong></span> <span class='ocrx_word' id='word_1_765' title='bbox 848 5055 937 5124; x_wconf 89' lang='lat' dir='ltr'><strong>qui</strong></span> <span class='ocrx_word' id='word_1_766' title='bbox 975 5056 1119 5123; x_wconf 89' lang='lat' dir='ltr'><strong>iurat</strong></span> <span class='ocrx_word' id='word_1_767' title='bbox 1163 5053 1406 5121; x_wconf 78' lang='lat' dir='ltr'><strong>proximo</strong></span> <span class='ocrx_word' id='word_1_768' title='bbox 1443 5067 1539 5107; x_wconf 89' lang='lat' dir='ltr'><strong>suo</strong></span> <span class='ocrx_word' id='word_1_769' title='bbox 1579 5063 1631 5108; x_wconf 90' lang='lat' dir='ltr'><strong>et</strong></span> <span class='ocrx_word' id='word_1_770' title='bbox 1675 5069 1778 5107; x_wconf 93' lang='lat' dir='ltr'><strong>non</strong></span> <span class='ocrx_word' id='word_1_771' title='bbox 1824 5053 2041 5121; x_wconf 89' lang='lat' dir='ltr'><strong>decipit.</strong></span> 
     </span>
    </p>
   </div>
   <div class='ocr_carea' id='block_1_99' title="bbox 470 5145 2045 5215">
    <p class='ocr_par' dir='ltr' id='par_1_99' title="bbox 470 5145 2045 5215">
     <span class='ocr_line' id='line_1_99' title="bbox 470 5145 2045 5215; baseline -0.003 -13"><span class='ocrx_word' id='word_1_772' title='bbox 470 5148 558 5202; x_wconf 76' lang='lat' dir='ltr'><strong>me</strong></span> <span class='ocrx_word' id='word_1_773' title='bbox 610 5156 786 5202; x_wconf 83' lang='lat' dir='ltr'><strong>autem</strong></span> <span class='ocrx_word' id='word_1_774' title='bbox 830 5147 973 5215; x_wconf 87' lang='lat' dir='ltr'><strong>iurat</strong></span> <span class='ocrx_word' id='word_1_775' title='bbox 1019 5145 1260 5214; x_wconf 82' lang='lat' dir='ltr'><strong>proximo</strong></span> <span class='ocrx_word' id='word_1_776' title='bbox 1305 5159 1404 5200; x_wconf 84' lang='lat' dir='ltr'><strong>suo</strong></span> <span class='ocrx_word' id='word_1_777' title='bbox 1451 5153 1505 5198; x_wconf 90' lang='lat' dir='ltr'><strong>et</strong></span> <span class='ocrx_word' id='word_1_778' title='bbox 1551 5157 1656 5199; x_wconf 92' lang='lat' dir='ltr'><strong>non</strong></span> <span class='ocrx_word' id='word_1_779' title='bbox 1703 5145 1921 5214; x_wconf 80' lang='lat' dir='ltr'><strong>deripit,</strong></span> <span class='ocrx_word' id='word_1_780' title='bbox 1953 5148 2045 5211; x_wconf 89' lang='lat' dir='ltr'><strong>qui</strong></span> 
     </span>
    </p>
   </div>
   <div class='ocr_carea' id='block_1_100' title="bbox 471 5238 2046 5308">
    <p class='ocr_par' dir='ltr' id='par_1_100' title="bbox 471 5238 2046 5308">
     <span class='ocr_line' id='line_1_100' title="bbox 471 5238 2046 5308; baseline 0.003 -19"><span class='ocrx_word' id='word_1_781' title='bbox 471 5241 826 5308; x_wconf 77' lang='lat' dir='ltr'><strong>quodcunque</strong></span> <span class='ocrx_word' id='word_1_782' title='bbox 845 5241 985 5308; x_wconf 86' lang='lat' dir='ltr'><strong>iurat</strong></span> <span class='ocrx_word' id='word_1_783' title='bbox 1008 5239 1365 5303; x_wconf 84' lang='lat' dir='ltr'><strong>sermonibus,</strong></span> <span class='ocrx_word' id='word_1_784' title='bbox 1382 5238 1570 5308; x_wconf 84' lang='lat' dir='ltr'><strong>implet</strong></span> <span class='ocrx_word' id='word_1_785' title='bbox 1589 5239 1856 5308; x_wconf 87' lang='lat' dir='ltr'><strong>operibus.</strong></span> <span class='ocrx_word' id='word_1_786' title='bbox 1878 5239 2046 5294; x_wconf 89' lang='lat' dir='ltr'><strong>Nemo</strong></span> 
     </span>
    </p>
   </div>
   <div class='ocr_carea' id='block_1_101' title="bbox 471 5330 2044 5401">
    <p class='ocr_par' dir='ltr' id='par_1_101' title="bbox 471 5330 2044 5401">
     <span class='ocr_line' id='line_1_101' title="bbox 471 5330 2044 5401; baseline 0.002 -18"><span class='ocrx_word' id='word_1_787' title='bbox 471 5341 644 5384; x_wconf 83' lang='lat' dir='ltr'><strong>autent</strong></span> <span class='ocrx_word' id='word_1_788' title='bbox 676 5339 822 5399; x_wconf 83' lang='lat' dir='ltr'><strong>putet</strong></span> <span class='ocrx_word' id='word_1_789' title='bbox 849 5332 1056 5387; x_wconf 83' lang='lat' dir='ltr'><strong>hostem</strong></span> <span class='ocrx_word' id='word_1_790' title='bbox 1091 5332 1175 5387; x_wconf 92' lang='lat' dir='ltr'><strong>cui</strong></span> <span class='ocrx_word' id='word_1_791' title='bbox 1213 5330 1358 5401; x_wconf 84' lang='lat' dir='ltr'><strong>iurat</strong></span> <span class='ocrx_word' id='word_1_792' title='bbox 1385 5344 1496 5386; x_wconf 53' lang='lat' dir='ltr'><strong>non.</strong></span> <span class='ocrx_word' id='word_1_793' title='bbox 1519 5331 1716 5386; x_wconf 87' lang='lat' dir='ltr'><strong>debere</strong></span> <span class='ocrx_word' id='word_1_794' title='bbox 1744 5331 2044 5400; x_wconf 80' lang='lat' dir='ltr'><strong>proximum</strong></span> 
     </span>
    </p>
   </div>
   <div class='ocr_carea' id='block_1_102' title="bbox 469 5420 2046 5492">
    <p class='ocr_par' dir='ltr' id='par_1_102' title="bbox 469 5420 2046 5492">
     <span class='ocr_line' id='line_1_102' title="bbox 469 5420 2046 5492; baseline 0.004 -19"><span class='ocrx_word' id='word_1_795' title='bbox 469 5420 746 5490; x_wconf 75' lang='lat' dir='ltr'><strong>deputari;</strong></span> <span class='ocrx_word' id='word_1_796' title='bbox 781 5431 997 5492; x_wconf 91' lang='lat' dir='ltr'><strong>pr0pter</strong></span> <span class='ocrx_word' id='word_1_797' title='bbox 1026 5422 1127 5478; x_wconf 88' lang='lat' dir='ltr'><strong>hoc</strong></span> <span class='ocrx_word' id='word_1_798' title='bbox 1154 5423 1296 5478; x_wconf 89' lang='lat' dir='ltr'><strong>enim</strong></span> <span class='ocrx_word' id='word_1_799' title='bbox 1322 5422 1552 5492; x_wconf 88' lang='lat' dir='ltr'><strong>iuratur,</strong></span> <span class='ocrx_word' id='word_1_800' title='bbox 1579 5430 1638 5476; x_wconf 85' lang='lat' dir='ltr'><strong>ut</strong></span> <span class='ocrx_word' id='word_1_801' title='bbox 1666 5423 1936 5492; x_wconf 77' lang='lat' dir='ltr'><strong>proximus</strong></span> <span class='ocrx_word' id='word_1_802' title='bbox 1962 5439 2046 5480; x_wconf 83' lang='lat' dir='ltr'><strong>re-</strong></span> 
     </span>
    </p>
   </div>
   <div class='ocr_carea' id='block_1_103' title="bbox 472 5513 2045 5587">
    <p class='ocr_par' dir='ltr' id='par_1_103' title="bbox 472 5513 2045 5587">
     <span class='ocr_line' id='line_1_103' title="bbox 472 5513 2045 5587; baseline 0.004 -21"><span class='ocrx_word' id='word_1_803' title='bbox 472 5521 703 5581; x_wconf 83' lang='lat' dir='ltr'><strong>putetur.</strong></span> <span class='ocrx_word' id='word_1_804' title='bbox 734 5514 811 5567; x_wconf 85' lang='lat' dir='ltr'><strong>Ex</strong></span> <span class='ocrx_word' id='word_1_805' title='bbox 857 5528 961 5581; x_wconf 91' lang='lat' dir='ltr'><strong>quo</strong></span> <span class='ocrx_word' id='word_1_806' title='bbox 1006 5513 1164 5583; x_wconf 78' lang='lat' dir='ltr'><strong>igitur</strong></span> <span class='ocrx_word' id='word_1_807' title='bbox 1191 5514 1306 5568; x_wconf 89' lang='lat' dir='ltr'><strong>vult</strong></span> <span class='ocrx_word' id='word_1_808' title='bbox 1345 5515 1548 5570; x_wconf 88' lang='lat' dir='ltr'><strong>amicus</strong></span> <span class='ocrx_word' id='word_1_809' title='bbox 1577 5514 1736 5579; x_wconf 89' lang='lat' dir='ltr'><strong>efﬁci,</strong></span> <span class='ocrx_word' id='word_1_810' title='bbox 1765 5516 2045 5587; x_wconf 85' lang='lat' dir='ltr'><strong>legemque</strong></span> 
     </span>
    </p>
   </div>
   <div class='ocr_carea' id='block_1_104' title="bbox 467 5601 2046 5678">
    <p class='ocr_par' dir='ltr' id='par_1_104' title="bbox 467 5601 2046 5678">
     <span class='ocr_line' id='line_1_104' title="bbox 467 5601 2046 5678; baseline 0.005 -22"><span class='ocrx_word' id='word_1_811' title='bbox 467 5602 616 5672; x_wconf 78' lang='lat' dir='ltr'><strong>pacis</strong></span> <span class='ocrx_word' id='word_1_812' title='bbox 659 5601 1019 5669; x_wconf 87' lang='lat' dir='ltr'><strong>amplectitur,</strong></span> <span class='ocrx_word' id='word_1_813' title='bbox 1062 5604 1172 5671; x_wconf 85' lang='lat' dir='ltr'><strong>iam</strong></span> <span class='ocrx_word' id='word_1_814' title='bbox 1221 5607 1492 5673; x_wconf 80' lang='lat' dir='ltr'><strong>proximus</strong></span> <span class='ocrx_word' id='word_1_815' title='bbox 1537 5614 1650 5673; x_wconf 89' lang='lat' dir='ltr'><strong>est;</strong></span> <span class='ocrx_word' id='word_1_816' title='bbox 1701 5617 1754 5662; x_wconf 80' lang='lat' dir='ltr'><strong>et</strong></span> <span class='ocrx_word' id='word_1_817' title='bbox 1792 5608 1901 5677; x_wconf 90' lang='lat' dir='ltr'><strong>iam</strong></span> <span class='ocrx_word' id='word_1_818' title='bbox 1953 5610 2046 5678; x_wconf 88' lang='lat' dir='ltr'><strong>qui</strong></span> 
     </span>
    </p>
   </div>
   <div class='ocr_carea' id='block_1_105' title="bbox 473 5691 1896 5771">
    <p class='ocr_par' dir='ltr' id='par_1_105' title="bbox 473 5691 1896 5771">
     <span class='ocr_line' id='line_1_105' title="bbox 473 5691 1896 5771; baseline 0.006 -25"><span class='ocrx_word' id='word_1_819' title='bbox 473 5691 696 5746; x_wconf 83' lang='lat' dir='ltr'><strong>ﬁdeliter</strong></span> <span class='ocrx_word' id='word_1_820' title='bbox 717 5691 880 5760; x_wconf 87' lang='lat' dir='ltr'><strong>iurat,</strong></span> <span class='ocrx_word' id='word_1_821' title='bbox 906 5692 1149 5760; x_wconf 78' lang='lat' dir='ltr'><strong>proximo</strong></span> <span class='ocrx_word' id='word_1_822' title='bbox 1175 5709 1271 5749; x_wconf 90' lang='lat' dir='ltr'><strong>suo</strong></span> <span class='ocrx_word' id='word_1_823' title='bbox 1291 5699 1454 5765; x_wconf 88' lang='lat' dir='ltr'><strong>iurat,</strong></span> <span class='ocrx_word' id='word_1_824' title='bbox 1479 5708 1658 5756; x_wconf 91' lang='lat' dir='ltr'><strong>etnon</strong></span> <span class='ocrx_word' id='word_1_825' title='bbox 1682 5699 1896 5771; x_wconf 85' lang='lat' dir='ltr'><strong>decipit.</strong></span> 
     </span>
    </p>
   </div>
   <div class='ocr_carea' id='block_1_106' title="bbox 542 5847 1333 5911">
    <p class='ocr_par' dir='ltr' id='par_1_106' title="bbox 542 5847 1333 5911">
     <span class='ocr_line' id='line_1_106' title="bbox 542 5847 1333 5911; baseline -0.003 -7"><span class='ocrx_word' id='word_1_826' title='bbox 542 5857 568 5886; x_wconf 76' lang='grc'><strong>⁸</strong></span> <span class='ocrx_word' id='word_1_827' title='bbox 605 5847 823 5904; x_wconf 74' lang='lat' dir='ltr'><strong>Videtur</strong></span> <span class='ocrx_word' id='word_1_828' title='bbox 853 5847 936 5903; x_wconf 85' lang='lat' dir='ltr'><strong>hic</strong></span> <span class='ocrx_word' id='word_1_829' title='bbox 967 5847 1068 5911; x_wconf 75' lang='lat' dir='ltr'><strong>leg.</strong></span> <span class='ocrx_word' id='word_1_830' title='bbox 1108 5848 1333 5903; x_wconf 68' lang='lat' dir='ltr'><strong>vulnera.</strong></span> 
     </span>
    </p>
   </div>
   <div class='ocr_carea' id='block_1_107' title="bbox 2155 4693 3720 4762">
    <p class='ocr_par' dir='ltr' id='par_1_107' title="bbox 2155 4693 3720 4762">
     <span class='ocr_line' id='line_1_107' title="bbox 2155 4693 3720 4762; baseline -0.008 -6"><span class='ocrx_word' id='word_1_831' title='bbox 2155 4713 2337 4756; x_wconf 84' lang='lat' dir='ltr'><strong>sermo</strong></span> <span class='ocrx_word' id='word_1_832' title='bbox 2360 4707 2559 4762; x_wconf 89' lang='lat' dir='ltr'><strong>noster,</strong></span> <span class='ocrx_word' id='word_1_833' title='bbox 2579 4705 2784 4759; x_wconf 80' lang='lat' dir='ltr'><strong>estest,</strong></span> <span class='ocrx_word' id='word_1_834' title='bbox 2810 4709 2916 4750; x_wconf 88' lang='lat' dir='ltr'><strong>nou</strong></span> <span class='ocrx_word' id='word_1_835' title='bbox 2944 4708 3084 4758; x_wconf 89' lang='lat' dir='ltr'><strong>non;</strong></span> <span class='ocrx_word' id='word_1_836' title='bbox 3113 4702 3170 4748; x_wconf 86' lang='lat' dir='ltr'><strong>ct</strong></span> <span class='ocrx_word' id='word_1_837' title='bbox 3195 4694 3306 4748; x_wconf 86' lang='lat' dir='ltr'><strong>sive</strong></span> <span class='ocrx_word' id='word_1_838' title='bbox 3327 4695 3630 4762; x_wconf 78' lang='lat' dir='ltr'><strong>iuramento</strong></span> <span class='ocrx_word' id='word_1_839' title='bbox 3654 4693 3720 4744; x_wconf 78' lang='lat' dir='ltr'><strong>in-</strong></span> 
     </span>
    </p>
   </div>
   <div class='ocr_carea' id='block_1_108' title="bbox 2158 4787 3718 4859">
    <p class='ocr_par' dir='ltr' id='par_1_108' title="bbox 2158 4787 3718 4859">
     <span class='ocr_line' id='line_1_108' title="bbox 2158 4787 3718 4859; baseline -0.006 -15"><span class='ocrx_word' id='word_1_840' title='bbox 2158 4790 2486 4859; x_wconf 89' lang='lat' dir='ltr'><strong>tercedente,</strong></span> <span class='ocrx_word' id='word_1_841' title='bbox 2511 4789 2623 4843; x_wconf 88' lang='lat' dir='ltr'><strong>sive</strong></span> <span class='ocrx_word' id='word_1_842' title='bbox 2658 4797 2925 4852; x_wconf 86' lang='lat' dir='ltr'><strong>cessante,</strong></span> <span class='ocrx_word' id='word_1_843' title='bbox 2949 4787 3185 4842; x_wconf 87' lang='lat' dir='ltr'><strong>nitamur</strong></span> <span class='ocrx_word' id='word_1_844' title='bbox 3214 4789 3263 4840; x_wconf 90' lang='lat' dir='ltr'><strong>in</strong></span> <span class='ocrx_word' id='word_1_845' title='bbox 3299 4788 3527 4841; x_wconf 45' lang='lat' dir='ltr'><strong>veritate</strong></span> <span class='ocrx_word' id='word_1_846' title='bbox 3553 4787 3718 4839; x_wconf 80' lang='lat' dir='ltr'><strong>certis-</strong></span> 
     </span>
    </p>
   </div>
   <div class='ocr_carea' id='block_1_109' title="bbox 2156 4875 3726 4950">
    <p class='ocr_par' dir='ltr' id='par_1_109' title="bbox 2156 4875 3726 4950">
     <span class='ocr_line' id='line_1_109' title="bbox 2156 4875 3726 4950; baseline -0.009 -13"><span class='ocrx_word' id='word_1_847' title='bbox 2156 4879 2278 4937; x_wconf 87' lang='lat' dir='ltr'><strong>simi</strong></span> <span class='ocrx_word' id='word_1_848' title='bbox 2329 4893 2660 4950; x_wconf 87' lang='lat' dir='ltr'><strong>permanere.</strong></span> <span class='ocrx_word' id='word_1_849' title='bbox 2710 4879 2894 4932; x_wconf 81' lang='lat' dir='ltr'><strong>Divina</strong></span> <span class='ocrx_word' id='word_1_850' title='bbox 2938 4891 3168 4947; x_wconf 88' lang='lat' dir='ltr'><strong>namque</strong></span> <span class='ocrx_word' id='word_1_851' title='bbox 3213 4889 3293 4932; x_wconf 69' lang='grc' dir='ltr'><strong>ρει</strong></span> <span class='ocrx_word' id='word_1_852' title='bbox 3334 4880 3560 4940; x_wconf 65' lang='lat' dir='ltr'><strong>veritas,</strong></span> <span class='ocrx_word' id='word_1_853' title='bbox 3595 4875 3726 4928; x_wconf 66' lang='lat' dir='ltr'><strong>uncle</strong></span> 
     </span>
    </p>
   </div>
   <div class='ocr_carea' id='block_1_110' title="bbox 2159 4965 3725 5038">
    <p class='ocr_par' dir='ltr' id='par_1_110' title="bbox 2159 4965 3725 5038">
     <span class='ocr_line' id='line_1_110' title="bbox 2159 4965 3725 5038; baseline -0.006 -12"><span class='ocrx_word' id='word_1_854' title='bbox 2159 4972 2385 5028; x_wconf 84' lang='lat' dir='ltr'><strong>multum</strong></span> <span class='ocrx_word' id='word_1_855' title='bbox 2425 4972 2689 5026; x_wconf 85' lang='lat' dir='ltr'><strong>veraciter</strong></span> <span class='ocrx_word' id='word_1_856' title='bbox 2723 4969 2813 5023; x_wconf 91' lang='lat' dir='ltr'><strong>Dei</strong></span> <span class='ocrx_word' id='word_1_857' title='bbox 2846 4969 3010 5023; x_wconf 82' lang='lat' dir='ltr'><strong>Filius</strong></span> <span class='ocrx_word' id='word_1_858' title='bbox 3035 4968 3172 5022; x_wconf 80' lang='lat' dir='ltr'><strong>dixit</strong></span> <span class='ocrx_word' id='word_1_859' title='bbox 3202 4985 3218 5025; x_wconf 92' lang='lat'><strong>:</strong></span> <span class='ocrx_word' id='word_1_860' title='bbox 3252 4967 3362 5038; x_wconf 74' lang='lat' dir='ltr'><strong>Ego</strong></span> <span class='ocrx_word' id='word_1_861' title='bbox 3403 4983 3519 5021; x_wconf 72' lang='lat' dir='ltr'><strong>una</strong></span> <span class='ocrx_word' id='word_1_862' title='bbox 3554 4965 3725 5020; x_wconf 58' lang='lat' dir='ltr'><strong>enim</strong></span> 
     </span>
    </p>
   </div>
   <div class='ocr_carea' id='block_1_111' title="bbox 2171 5057 3724 5132">
    <p class='ocr_par' dir='ltr' id='par_1_111' title="bbox 2171 5057 3724 5132">
     <span class='ocr_line' id='line_1_111' title="bbox 2171 5057 3724 5132; baseline -0.006 -14"><span class='ocrx_word' id='word_1_863' title='bbox 2171 5063 2334 5118; x_wconf 82' lang='lat' dir='ltr'><strong>Joan.</strong></span> <span class='ocrx_word' id='word_1_864' title='bbox 2383 5079 2502 5126; x_wconf 80' lang='lat' dir='ltr'><strong>xt-v,</strong></span> <span class='ocrx_word' id='word_1_865' title='bbox 2547 5062 2635 5132; x_wconf 84' lang='lat'><strong>6).</strong></span> <span class='ocrx_word' id='word_1_866' title='bbox 2681 5061 2748 5115; x_wconf 89' lang='lat' dir='ltr'><strong>Et</strong></span> <span class='ocrx_word' id='word_1_867' title='bbox 2791 5061 2926 5116; x_wconf 86' lang='lat' dir='ltr'><strong>sicut</strong></span> <span class='ocrx_word' id='word_1_868' title='bbox 2971 5061 3042 5116; x_wconf 75' lang='lat' dir='ltr'><strong>de</strong></span> <span class='ocrx_word' id='word_1_869' title='bbox 3087 5060 3346 5115; x_wconf 78' lang='lat' dir='ltr'><strong>chatitate</strong></span> <span class='ocrx_word' id='word_1_870' title='bbox 3392 5057 3724 5112; x_wconf 75' lang='lat' dir='ltr'><strong>recordamur</strong></span> 
     </span>
    </p>
   </div>
   <div class='ocr_carea' id='block_1_112' title="bbox 2155 5147 3722 5218">
    <p class='ocr_par' dir='ltr' id='par_1_112' title="bbox 2155 5147 3722 5218">
     <span class='ocr_line' id='line_1_112' title="bbox 2155 5147 3722 5218; baseline -0.008 -8"><span class='ocrx_word' id='word_1_871' title='bbox 2155 5156 2410 5210; x_wconf 82' lang='lat' dir='ltr'><strong>Joannem</strong></span> <span class='ocrx_word' id='word_1_872' title='bbox 2441 5155 2641 5210; x_wconf 81' lang='lat' dir='ltr'><strong>dixisse</strong></span> <span class='ocrx_word' id='word_1_873' title='bbox 2683 5171 2694 5206; x_wconf 94' lang='lat'><strong>:</strong></span> <span class='ocrx_word' id='word_1_874' title='bbox 2731 5155 2830 5218; x_wconf 74' lang='lat' dir='ltr'><strong>Qui</strong></span> <span class='ocrx_word' id='word_1_875' title='bbox 2858 5160 3022 5206; x_wconf 80' lang='lat' dir='ltr'><strong>manet</strong></span> <span class='ocrx_word' id='word_1_876' title='bbox 3047 5154 3100 5206; x_wconf 75' lang='lat' dir='ltr'><strong>in</strong></span> <span class='ocrx_word' id='word_1_877' title='bbox 3130 5152 3403 5214; x_wconf 72' lang='lat' dir='ltr'><strong>charitate,</strong></span> <span class='ocrx_word' id='word_1_878' title='bbox 3433 5160 3484 5202; x_wconf 79' lang='lat' dir='ltr'><strong>et</strong></span> <span class='ocrx_word' id='word_1_879' title='bbox 3516 5149 3644 5202; x_wconf 74' lang='lat' dir='ltr'><strong>Dens</strong></span> <span class='ocrx_word' id='word_1_880' title='bbox 3668 5147 3722 5197; x_wconf 71' lang='lat' dir='ltr'><strong>iu</strong></span> 
     </span>
    </p>
   </div>
   <div class='ocr_carea' id='block_1_113' title="bbox 2152 5228 3824 5313">
    <p class='ocr_par' dir='ltr' id='par_1_113' title="bbox 2152 5228 3824 5313">
     <span class='ocr_line' id='line_1_113' title="bbox 2152 5228 3824 5313; baseline -0.007 -14"><span class='ocrx_word' id='word_1_881' title='bbox 2152 5245 2248 5299; x_wconf 85' lang='lat' dir='ltr'><strong>illo</strong></span> <span class='ocrx_word' id='word_1_882' title='bbox 2290 5255 2457 5299; x_wconf 81' lang='lat' dir='ltr'><strong>manet</strong></span> <span class='ocrx_word' id='word_1_883' title='bbox 2497 5243 2552 5313; x_wconf 76' lang='grc' dir='ltr'><strong>(Ι</strong></span> <span class='ocrx_word' id='word_1_884' title='bbox 2581 5243 2737 5299; x_wconf 82' lang='lat' dir='ltr'><strong>Joan.</strong></span> <span class='ocrx_word' id='word_1_885' title='bbox 2773 5259 2850 5309; x_wconf 88' lang='lat' dir='ltr'><strong>tv,</strong></span> <span class='ocrx_word' id='word_1_886' title='bbox 2884 5244 3005 5311; x_wconf 76' lang='lat'><strong>16);</strong></span> <span class='ocrx_word' id='word_1_887' title='bbox 3050 5244 3116 5296; x_wconf 88' lang='lat' dir='ltr'><strong>ita</strong></span> <span class='ocrx_word' id='word_1_888' title='bbox 3161 5240 3409 5297; x_wconf 74' lang='lat' dir='ltr'><strong>similiter</strong></span> <span class='ocrx_word' id='word_1_889' title='bbox 3435 5243 3481 5294; x_wconf 89' lang='lat' dir='ltr'><strong>si</strong></span> <span class='ocrx_word' id='word_1_890' title='bbox 3512 5241 3716 5296; x_wconf 74' lang='lat' dir='ltr'><strong>velimus</strong></span> <span class='ocrx_word' id='word_1_891' title='bbox 3809 5228 3824 5237; x_wconf 79' lang='grc'><strong>’</strong></span> 
     </span>
    </p>
   </div>
   <div class='ocr_carea' id='block_1_114' title="bbox 2153 5327 3718 5404">
    <p class='ocr_par' dir='ltr' id='par_1_114' title="bbox 2153 5327 3718 5404">
     <span class='ocr_line' id='line_1_114' title="bbox 2153 5327 3718 5404; baseline -0.007 -12"><span class='ocrx_word' id='word_1_892' title='bbox 2153 5337 2354 5404; x_wconf 90' lang='lat' dir='ltr'><strong>dicere,</strong></span> <span class='ocrx_word' id='word_1_893' title='bbox 2378 5353 2483 5392; x_wconf 91' lang='lat' dir='ltr'><strong>non</strong></span> <span class='ocrx_word' id='word_1_894' title='bbox 2509 5336 2798 5391; x_wconf 87' lang='lat' dir='ltr'><strong>mentimur</strong></span> <span class='ocrx_word' id='word_1_895' title='bbox 2825 5351 2838 5387; x_wconf 91' lang='lat'>:</span> <span class='ocrx_word' id='word_1_896' title='bbox 2866 5334 2966 5401; x_wconf 91' lang='lat' dir='ltr'><strong>Qui</strong></span> <span class='ocrx_word' id='word_1_897' title='bbox 2996 5341 3178 5387; x_wconf 84' lang='lat' dir='ltr'><strong>manet</strong></span> <span class='ocrx_word' id='word_1_898' title='bbox 3204 5333 3254 5386; x_wconf 90' lang='lat' dir='ltr'><strong>in</strong></span> <span class='ocrx_word' id='word_1_899' title='bbox 3280 5333 3525 5394; x_wconf 77' lang='lat' dir='ltr'><strong>veritate,</strong></span> <span class='ocrx_word' id='word_1_900' title='bbox 3546 5332 3593 5383; x_wconf 91' lang='lat' dir='ltr'><strong>in</strong></span> <span class='ocrx_word' id='word_1_901' title='bbox 3622 5327 3718 5382; x_wconf 82' lang='lat' dir='ltr'><strong>Deo</strong></span> 
     </span>
    </p>
   </div>
   <div class='ocr_carea' id='block_1_115' title="bbox 2152 5423 3711 5495">
    <p class='ocr_par' dir='ltr' id='par_1_115' title="bbox 2152 5423 3711 5495">
     <span class='ocr_line' id='line_1_115' title="bbox 2152 5423 3711 5495; baseline -0.01 -12"><span class='ocrx_word' id='word_1_902' title='bbox 2152 5436 2354 5495; x_wconf 85' lang='lat' dir='ltr'><strong>manet,</strong></span> <span class='ocrx_word' id='word_1_903' title='bbox 2377 5436 2432 5483; x_wconf 91' lang='lat' dir='ltr'><strong>et</strong></span> <span class='ocrx_word' id='word_1_904' title='bbox 2458 5428 2600 5484; x_wconf 87' lang='lat' dir='ltr'><strong>Deus</strong></span> <span class='ocrx_word' id='word_1_905' title='bbox 2626 5428 2678 5482; x_wconf 92' lang='lat' dir='ltr'><strong>in</strong></span> <span class='ocrx_word' id='word_1_906' title='bbox 2711 5427 2804 5481; x_wconf 93' lang='lat' dir='ltr'><strong>illo</strong></span> <span class='ocrx_word' id='word_1_907' title='bbox 2835 5433 3036 5482; x_wconf 85' lang='lat' dir='ltr'><strong>manet.</strong></span> <span class='ocrx_word' id='word_1_908' title='bbox 3061 5423 3440 5491; x_wconf 72' lang='lat' dir='ltr'><strong>Prmponamus</strong></span> <span class='ocrx_word' id='word_1_909' title='bbox 3471 5423 3622 5490; x_wconf 71' lang='lat' dir='ltr'><strong>igftnr</strong></span> <span class='ocrx_word' id='word_1_910' title='bbox 3637 5431 3711 5470; x_wconf 84' lang='lat' dir='ltr'><strong>ve-</strong></span> 
     </span>
    </p>
   </div>
   <div class='ocr_carea' id='block_1_116' title="bbox 2153 5509 3706 5584">
    <p class='ocr_par' dir='ltr' id='par_1_116' title="bbox 2153 5509 3706 5584">
     <span class='ocr_line' id='line_1_116' title="bbox 2153 5509 3706 5584; baseline -0.012 -9"><span class='ocrx_word' id='word_1_911' title='bbox 2153 5521 2364 5575; x_wconf 90' lang='lat' dir='ltr'><strong>ritatem</strong></span> <span class='ocrx_word' id='word_1_912' title='bbox 2393 5519 2600 5574; x_wconf 88' lang='lat' dir='ltr'><strong>cunctis</strong></span> <span class='ocrx_word' id='word_1_913' title='bbox 2629 5517 2949 5572; x_wconf 79' lang='lat' dir='ltr'><strong>utilitatibus</strong></span> <span class='ocrx_word' id='word_1_914' title='bbox 2976 5513 3379 5584; x_wconf 74' lang='lat' dir='ltr'><strong>temporalibus,</strong></span> <span class='ocrx_word' id='word_1_915' title='bbox 3404 5522 3459 5567; x_wconf 88' lang='lat' dir='ltr'><strong>et</strong></span> <span class='ocrx_word' id='word_1_916' title='bbox 3483 5520 3603 5564; x_wconf 83' lang='lat' dir='ltr'><strong>tunc</strong></span> <span class='ocrx_word' id='word_1_917' title='bbox 3627 5509 3706 5560; x_wconf 66' lang='lat' dir='ltr'><strong>rint</strong></span> 
     </span>
    </p>
   </div>
   <div class='ocr_carea' id='block_1_117' title="bbox 2154 5604 3706 5676">
    <p class='ocr_par' dir='ltr' id='par_1_117' title="bbox 2154 5604 3706 5676">
     <span class='ocr_line' id='line_1_117' title="bbox 2154 5604 3706 5676; baseline -0.014 -6"><span class='ocrx_word' id='word_1_918' title='bbox 2154 5617 2484 5671; x_wconf 79' lang='lat' dir='ltr'><strong>inveniemur</strong></span> <span class='ocrx_word' id='word_1_919' title='bbox 2537 5613 2786 5668; x_wconf 81' lang='lat' dir='ltr'><strong>humanis</strong></span> <span class='ocrx_word' id='word_1_920' title='bbox 2827 5610 3013 5665; x_wconf 87' lang='lat' dir='ltr'><strong>divina</strong></span> <span class='ocrx_word' id='word_1_921' title='bbox 3061 5621 3399 5676; x_wconf 55' lang='lat' dir='ltr'><strong>praeponere.</strong></span> <span class='ocrx_word' id='word_1_922' title='bbox 3447 5604 3706 5657; x_wconf 73' lang='lat' dir='ltr'><strong>Veritatem</strong></span> 
     </span>
    </p>
   </div>
   <div class='ocr_carea' id='block_1_118' title="bbox 2154 5697 3703 5776">
    <p class='ocr_par' dir='ltr' id='par_1_118' title="bbox 2154 5697 3703 5776">
     <span class='ocr_line' id='line_1_118' title="bbox 2154 5697 3703 5776; baseline -0.009 -18"><span class='ocrx_word' id='word_1_923' title='bbox 2154 5707 2307 5776; x_wconf 85' lang='lat' dir='ltr'><strong>plane</strong></span> <span class='ocrx_word' id='word_1_924' title='bbox 2365 5705 2516 5760; x_wconf 85' lang='lat' dir='ltr'><strong>nobis</strong></span> <span class='ocrx_word' id='word_1_925' title='bbox 2569 5712 2658 5758; x_wconf 86' lang='lat' dir='ltr'><strong>aut</strong></span> <span class='ocrx_word' id='word_1_926' title='bbox 2705 5702 2844 5758; x_wconf 82' lang='lat' dir='ltr'><strong>ratio</strong></span> <span class='ocrx_word' id='word_1_927' title='bbox 2891 5697 3175 5756; x_wconf 88' lang='lat' dir='ltr'><strong>manifeste</strong></span> <span class='ocrx_word' id='word_1_928' title='bbox 3219 5697 3589 5757; x_wconf 86' lang='lat' dir='ltr'><strong>demonstret,</strong></span> <span class='ocrx_word' id='word_1_929' title='bbox 3630 5698 3703 5741; x_wconf 73' lang='lat' dir='ltr'><strong>aut</strong></span> 
     </span>
    </p>
   </div>
  </div>
