  <div class='ocr_page' id='page_1' title='image "/cluster/home/n/w/nwhite01/storage/ocr_20150623/67/hvd.32044073505273/480.png"; bbox 0 0 3998 6202; ppageno 0'>
   <div class='ocr_carea' id='block_1_1' title="bbox 296 303 398 359">
    <p class='ocr_par' dir='ltr' id='par_1_1' title="bbox 296 303 398 359">
     <span class='ocr_line' id='line_1_1' title="bbox 296 303 398 359; baseline -0.039 0"><span class='ocrx_word' id='word_1_1' title='bbox 296 303 398 359; x_wconf 67' lang='grc'><strong>945</strong></span> 
     </span>
    </p>
   </div>
   <div class='ocr_carea' id='block_1_2' title="bbox 291 506 1881 580">
    <p class='ocr_par' dir='ltr' id='par_1_2' title="bbox 291 506 1881 580">
     <span class='ocr_line' id='line_1_2' title="bbox 291 506 1881 580; baseline 0.003 -22"><span class='ocrx_word' id='word_1_2' title='bbox 291 506 486 560; x_wconf 77' lang='lat' dir='ltr'><strong>dctum</strong></span> <span class='ocrx_word' id='word_1_3' title='bbox 533 508 775 565; x_wconf 99' lang='lat' dir='ltr'><strong>doctrina</strong></span> <span class='ocrx_word' id='word_1_4' title='bbox 828 512 995 567; x_wconf 89' lang='lat' dir='ltr'><strong>ﬁdelis</strong></span> <span class='ocrx_word' id='word_1_5' title='bbox 1038 513 1304 568; x_wconf 75' lang='lat' dir='ltr'><strong>ostendat.</strong></span> <span class='ocrx_word' id='word_1_6' title='bbox 1353 511 1464 569; x_wconf 88' lang='lat' dir='ltr'><strong>Sub</strong></span> <span class='ocrx_word' id='word_1_7' title='bbox 1514 512 1691 580; x_wconf 85' lang='lat' dir='ltr'><strong>specie</strong></span> <span class='ocrx_word' id='word_1_8' title='bbox 1739 510 1881 565; x_wconf 91' lang='lat' dir='ltr'><strong>enim</strong></span> 
     </span>
    </p>
   </div>
   <div class='ocr_carea' id='block_1_3' title="bbox 293 597 1884 673">
    <p class='ocr_par' dir='ltr' id='par_1_3' title="bbox 293 597 1884 673">
     <span class='ocr_line' id='line_1_3' title="bbox 293 597 1884 673; baseline 0.002 -22"><span class='ocrx_word' id='word_1_9' title='bbox 293 597 544 653; x_wconf 62' lang='lat' dir='ltr'><strong>reritatis</strong></span> <span class='ocrx_word' id='word_1_10' title='bbox 587 601 899 673; x_wconf 84' lang='lat' dir='ltr'><strong>plerumque</strong></span> <span class='ocrx_word' id='word_1_11' title='bbox 932 603 1135 660; x_wconf 90' lang='lat' dir='ltr'><strong>falsitas</strong></span> <span class='ocrx_word' id='word_1_12' title='bbox 1160 605 1487 669; x_wconf 78' lang='lat' dir='ltr'><strong>vindicatur;</strong></span> <span class='ocrx_word' id='word_1_13' title='bbox 1516 613 1568 657; x_wconf 89' lang='lat' dir='ltr'><strong>et</strong></span> <span class='ocrx_word' id='word_1_14' title='bbox 1600 603 1698 657; x_wconf 85' lang='lat' dir='ltr'><strong>nisi</strong></span> <span class='ocrx_word' id='word_1_15' title='bbox 1747 603 1884 656; x_wconf 88' lang='lat' dir='ltr'><strong>adsit</strong></span> 
     </span>
    </p>
   </div>
   <div class='ocr_carea' id='block_1_4' title="bbox 299 690 1883 765">
    <p class='ocr_par' dir='ltr' id='par_1_4' title="bbox 299 690 1883 765">
     <span class='ocr_line' id='line_1_4' title="bbox 299 690 1883 765; baseline 0.001 -23"><span class='ocrx_word' id='word_1_16' title='bbox 299 690 454 745; x_wconf 83' lang='lat' dir='ltr'><strong>bonis</strong></span> <span class='ocrx_word' id='word_1_17' title='bbox 484 690 710 747; x_wconf 80' lang='lat' dir='ltr'><strong>duribus</strong></span> <span class='ocrx_word' id='word_1_18' title='bbox 746 695 837 763; x_wconf 89' lang='lat' dir='ltr'><strong>pia</strong></span> <span class='ocrx_word' id='word_1_19' title='bbox 864 695 1039 750; x_wconf 83' lang='lat' dir='ltr'><strong>cordis</strong></span> <span class='ocrx_word' id='word_1_20' title='bbox 1063 695 1332 751; x_wconf 80' lang='lat' dir='ltr'><strong>humilitas</strong></span> <span class='ocrx_word' id='word_1_21' title='bbox 1351 736 1366 760; x_wconf 82' lang='lat'><strong>,</strong></span> <span class='ocrx_word' id='word_1_22' title='bbox 1393 703 1450 748; x_wconf 93' lang='lat' dir='ltr'><strong>ut</strong></span> <span class='ocrx_word' id='word_1_23' title='bbox 1471 696 1678 765; x_wconf 62' lang='lat' dir='ltr'><strong>quoties</strong></span> <span class='ocrx_word' id='word_1_24' title='bbox 1708 695 1883 763; x_wconf 87' lang='lat' dir='ltr'><strong>requi-</strong></span> 
     </span>
    </p>
   </div>
   <div class='ocr_carea' id='block_1_5' title="bbox 297 781 1883 856">
    <p class='ocr_par' dir='ltr' id='par_1_5' title="bbox 297 781 1883 856">
     <span class='ocr_line' id='line_1_5' title="bbox 297 781 1883 856; baseline 0.003 -24"><span class='ocrx_word' id='word_1_25' title='bbox 297 792 420 833; x_wconf 86' lang='lat' dir='ltr'><strong>runt</strong></span> <span class='ocrx_word' id='word_1_26' title='bbox 450 781 730 838; x_wconf 78' lang='lat' dir='ltr'><strong>veritatem</strong></span> <span class='ocrx_word' id='word_1_27' title='bbox 749 823 762 846; x_wconf 89' lang='lat'><strong>,</strong></span> <span class='ocrx_word' id='word_1_28' title='bbox 791 785 1062 840; x_wconf 67' lang='lat' dir='ltr'><strong>saecularis</strong></span> <span class='ocrx_word' id='word_1_29' title='bbox 1090 787 1365 856; x_wconf 76' lang='lat' dir='ltr'><strong>dignitatis</strong></span> <span class='ocrx_word' id='word_1_30' title='bbox 1391 793 1699 840; x_wconf 76' lang='lat' dir='ltr'><strong>rexnovcant</strong></span> <span class='ocrx_word' id='word_1_31' title='bbox 1730 792 1883 851; x_wconf 87' lang='lat' dir='ltr'><strong>pote-</strong></span> 
     </span>
    </p>
   </div>
   <div class='ocr_carea' id='block_1_6' title="bbox 297 876 1882 948">
    <p class='ocr_par' dir='ltr' id='par_1_6' title="bbox 297 876 1882 948">
     <span class='ocr_line' id='line_1_6' title="bbox 297 876 1882 948; baseline 0.003 -24"><span class='ocrx_word' id='word_1_32' title='bbox 297 881 525 938; x_wconf 84' lang='lat' dir='ltr'><strong>statem,</strong></span> <span class='ocrx_word' id='word_1_33' title='bbox 558 876 934 932; x_wconf 76' lang='lat' dir='ltr'><strong>miserabiliter</strong></span> <span class='ocrx_word' id='word_1_34' title='bbox 963 887 1354 948; x_wconf 79' lang='lat' dir='ltr'><strong>anteponentur</strong></span> <span class='ocrx_word' id='word_1_35' title='bbox 1383 876 1609 932; x_wconf 86' lang='lat' dir='ltr'><strong>humana</strong></span> <span class='ocrx_word' id='word_1_36' title='bbox 1652 877 1882 941; x_wconf 83' lang='lat' dir='ltr'><strong>divinis;</strong></span> 
     </span>
    </p>
   </div>
   <div class='ocr_carea' id='block_1_7' title="bbox 294 967 1886 1039">
    <p class='ocr_par' dir='ltr' id='par_1_7' title="bbox 294 967 1886 1039">
     <span class='ocr_line' id='line_1_7' title="bbox 294 967 1886 1039; baseline 0.004 -22"><span class='ocrx_word' id='word_1_37' title='bbox 294 971 361 1017; x_wconf 74' lang='lat' dir='ltr'><strong>att</strong></span> <span class='ocrx_word' id='word_1_38' title='bbox 389 975 593 1020; x_wconf 86' lang='lat' dir='ltr'><strong>temere</strong></span> <span class='ocrx_word' id='word_1_39' title='bbox 623 967 843 1035; x_wconf 86' lang='lat' dir='ltr'><strong>audeat,</strong></span> <span class='ocrx_word' id='word_1_40' title='bbox 873 973 1116 1039; x_wconf 79' lang='lat' dir='ltr'><strong>quamvis</strong></span> <span class='ocrx_word' id='word_1_41' title='bbox 1148 972 1256 1025; x_wconf 77' lang='lat' dir='ltr'><strong>dux</strong></span> <span class='ocrx_word' id='word_1_42' title='bbox 1275 1015 1289 1037; x_wconf 89' lang='lat'><strong>,</strong></span> <span class='ocrx_word' id='word_1_43' title='bbox 1317 981 1491 1026; x_wconf 92' lang='lat' dir='ltr'><strong>tamen</strong></span> <span class='ocrx_word' id='word_1_44' title='bbox 1527 970 1781 1027; x_wconf 72' lang='lat' dir='ltr'><strong>Ecclesia:</strong></span> <span class='ocrx_word' id='word_1_45' title='bbox 1808 970 1886 1023; x_wconf 87' lang='lat' dir='ltr'><strong>di-</strong></span> 
     </span>
    </p>
   </div>
   <div class='ocr_carea' id='block_1_8' title="bbox 297 1057 1884 1134">
    <p class='ocr_par' dir='ltr' id='par_1_8' title="bbox 297 1057 1884 1134">
     <span class='ocr_line' id='line_1_8' title="bbox 297 1057 1884 1134; baseline 0.005 -25"><span class='ocrx_word' id='word_1_46' title='bbox 297 1057 557 1125; x_wconf 80' lang='lat' dir='ltr'><strong>scipnln=,</strong></span> <span class='ocrx_word' id='word_1_47' title='bbox 587 1059 882 1115; x_wconf 87' lang='lat' dir='ltr'><strong>Ecclesiam</strong></span> <span class='ocrx_word' id='word_1_48' title='bbox 915 1062 1139 1127; x_wconf 68' lang='lat' dir='ltr'><strong>dueere;</strong></span> <span class='ocrx_word' id='word_1_49' title='bbox 1174 1079 1273 1117; x_wconf 89' lang='lat' dir='ltr'><strong>nec</strong></span> <span class='ocrx_word' id='word_1_50' title='bbox 1296 1063 1496 1134; x_wconf 85' lang='lat' dir='ltr'><strong>judicia</strong></span> <span class='ocrx_word' id='word_1_51' title='bbox 1525 1063 1671 1130; x_wconf 85' lang='lat' dir='ltr'><strong>sequi</strong></span> <span class='ocrx_word' id='word_1_52' title='bbox 1704 1077 1884 1116; x_wconf 89' lang='lat' dir='ltr'><strong>sacer-</strong></span> 
     </span>
    </p>
   </div>
   <div class='ocr_carea' id='block_1_9' title="bbox 297 1145 1886 1221">
    <p class='ocr_par' dir='ltr' id='par_1_9' title="bbox 297 1145 1886 1221">
     <span class='ocr_line' id='line_1_9' title="bbox 297 1145 1886 1221; baseline 0.005 -23"><span class='ocrx_word' id='word_1_53' title='bbox 297 1145 508 1215; x_wconf 87' lang='lat' dir='ltr'><strong>dotum,</strong></span> <span class='ocrx_word' id='word_1_54' title='bbox 537 1147 634 1202; x_wconf 88' lang='lat' dir='ltr'><strong>sed</strong></span> <span class='ocrx_word' id='word_1_55' title='bbox 665 1150 802 1204; x_wconf 82' lang='lat' dir='ltr'><strong>velle</strong></span> <span class='ocrx_word' id='word_1_56' title='bbox 850 1153 1024 1221; x_wconf 80' lang='lat' dir='ltr'><strong>petius</strong></span> <span class='ocrx_word' id='word_1_57' title='bbox 1069 1152 1138 1208; x_wconf 90' lang='lat' dir='ltr'><strong>de</strong></span> <span class='ocrx_word' id='word_1_58' title='bbox 1183 1151 1603 1208; x_wconf 86' lang='lat' dir='ltr'><strong>sacerdotalibus</strong></span> <span class='ocrx_word' id='word_1_59' title='bbox 1644 1152 1886 1220; x_wconf 78' lang='lat' dir='ltr'><strong>judicare</strong></span> 
     </span>
    </p>
   </div>
   <div class='ocr_carea' id='block_1_10' title="bbox 300 1236 532 1305">
    <p class='ocr_par' dir='ltr' id='par_1_10' title="bbox 300 1236 532 1305">
     <span class='ocr_line' id='line_1_10' title="bbox 300 1236 532 1305; baseline 0.009 -17"><span class='ocrx_word' id='word_1_60' title='bbox 300 1236 532 1305; x_wconf 82' lang='lat' dir='ltr'><strong>iudiciis.</strong></span> 
     </span>
    </p>
   </div>
   <div class='ocr_carea' id='block_1_11' title="bbox 372 1327 1886 1402">
    <p class='ocr_par' dir='ltr' id='par_1_11' title="bbox 372 1327 1886 1402">
     <span class='ocr_line' id='line_1_11' title="bbox 372 1327 1886 1402; baseline 0.003 -22"><span class='ocrx_word' id='word_1_61' title='bbox 372 1327 460 1380; x_wconf 83' lang='grc' dir='ltr'><strong>ΓΙ.</strong></span> <span class='ocrx_word' id='word_1_62' title='bbox 490 1328 782 1384; x_wconf 77' lang='lat' dir='ltr'><strong>Occasione</strong></span> <span class='ocrx_word' id='word_1_63' title='bbox 827 1333 1056 1402; x_wconf 89' lang='lat' dir='ltr'><strong>quadam</strong></span> <span class='ocrx_word' id='word_1_64' title='bbox 1107 1334 1350 1388; x_wconf 82' lang='lat' dir='ltr'><strong>venimus</strong></span> <span class='ocrx_word' id='word_1_65' title='bbox 1391 1333 1456 1387; x_wconf 89' lang='lat' dir='ltr'><strong>ad</strong></span> <span class='ocrx_word' id='word_1_66' title='bbox 1504 1334 1642 1387; x_wconf 89' lang='lat' dir='ltr'><strong>hunc</strong></span> <span class='ocrx_word' id='word_1_67' title='bbox 1689 1333 1886 1398; x_wconf 87' lang='lat' dir='ltr'><strong>locmn,</strong></span> 
     </span>
    </p>
   </div>
   <div class='ocr_carea' id='block_1_12' title="bbox 299 1421 1887 1491">
    <p class='ocr_par' dir='ltr' id='par_1_12' title="bbox 299 1421 1887 1491">
     <span class='ocr_line' id='line_1_12' title="bbox 299 1421 1887 1491; baseline 0.004 -22"><span class='ocrx_word' id='word_1_68' title='bbox 299 1427 554 1484; x_wconf 84' lang='lat' dir='ltr'><strong>quantum</strong></span> <span class='ocrx_word' id='word_1_69' title='bbox 578 1421 834 1486; x_wconf 85' lang='lat' dir='ltr'><strong>arbitror,</strong></span> <span class='ocrx_word' id='word_1_70' title='bbox 858 1425 1220 1479; x_wconf 86' lang='lat' dir='ltr'><strong>necessarium</strong></span> <span class='ocrx_word' id='word_1_71' title='bbox 1245 1423 1443 1478; x_wconf 88' lang='lat' dir='ltr'><strong>volenti</strong></span> <span class='ocrx_word' id='word_1_72' title='bbox 1469 1434 1680 1491; x_wconf 85' lang='lat' dir='ltr'><strong>semper</strong></span> <span class='ocrx_word' id='word_1_73' title='bbox 1703 1423 1887 1477; x_wconf 90' lang='lat' dir='ltr'><strong>huma-</strong></span> 
     </span>
    </p>
   </div>
   <div class='ocr_carea' id='block_1_13' title="bbox 298 1510 1888 1584">
    <p class='ocr_par' dir='ltr' id='par_1_13' title="bbox 298 1510 1888 1584">
     <span class='ocr_line' id='line_1_13' title="bbox 298 1510 1888 1584; baseline 0.003 -20"><span class='ocrx_word' id='word_1_74' title='bbox 298 1510 386 1564; x_wconf 82' lang='lat' dir='ltr'><strong>nis</strong></span> <span class='ocrx_word' id='word_1_75' title='bbox 408 1510 582 1566; x_wconf 84' lang='lat' dir='ltr'><strong>divina</strong></span> <span class='ocrx_word' id='word_1_76' title='bbox 614 1529 950 1584; x_wconf 71' lang='lat' dir='ltr'><strong>praeponere.</strong></span> <span class='ocrx_word' id='word_1_77' title='bbox 973 1516 1041 1571; x_wconf 87' lang='lat' dir='ltr'><strong>Ut</strong></span> <span class='ocrx_word' id='word_1_78' title='bbox 1072 1516 1175 1570; x_wconf 84' lang='lat' dir='ltr'><strong>dttx</strong></span> <span class='ocrx_word' id='word_1_79' title='bbox 1209 1517 1398 1576; x_wconf 61' lang='lat' dir='ltr'><strong>b&#39;tntts,</strong></span> <span class='ocrx_word' id='word_1_80' title='bbox 1421 1515 1471 1569; x_wconf 86' lang='lat' dir='ltr'><strong>in</strong></span> <span class='ocrx_word' id='word_1_81' title='bbox 1504 1516 1750 1570; x_wconf 80' lang='lat' dir='ltr'><strong>omnibus</strong></span> <span class='ocrx_word' id='word_1_82' title='bbox 1771 1516 1888 1584; x_wconf 89' lang='lat' dir='ltr'><strong>qui-</strong></span> 
     </span>
    </p>
   </div>
   <div class='ocr_carea' id='block_1_14' title="bbox 299 1605 1887 1676">
    <p class='ocr_par' dir='ltr' id='par_1_14' title="bbox 299 1605 1887 1676">
     <span class='ocr_line' id='line_1_14' title="bbox 299 1605 1887 1676; baseline 0.005 -22"><span class='ocrx_word' id='word_1_83' title='bbox 299 1605 446 1672; x_wconf 91' lang='lat' dir='ltr'><strong>dem,</strong></span> <span class='ocrx_word' id='word_1_84' title='bbox 484 1605 529 1658; x_wconf 91' lang='lat' dir='ltr'><strong>si</strong></span> <span class='ocrx_word' id='word_1_85' title='bbox 563 1605 646 1673; x_wconf 90' lang='lat' dir='ltr'><strong>pie</strong></span> <span class='ocrx_word' id='word_1_86' title='bbox 673 1608 841 1676; x_wconf 63' lang='lat' dir='ltr'><strong>sapis,</strong></span> <span class='ocrx_word' id='word_1_87' title='bbox 877 1607 1169 1661; x_wconf 81' lang='lat' dir='ltr'><strong>Ecclesiatn</strong></span> <span class='ocrx_word' id='word_1_88' title='bbox 1213 1608 1481 1672; x_wconf 60' lang='lat' dir='ltr'><strong>consulas,</strong></span> <span class='ocrx_word' id='word_1_89' title='bbox 1524 1605 1887 1662; x_wconf 64' lang='lat' dir='ltr'><strong>sacerdotibus</strong></span> 
     </span>
    </p>
   </div>
   <div class='ocr_carea' id='block_1_15' title="bbox 301 1695 1882 1768">
    <p class='ocr_par' dir='ltr' id='par_1_15' title="bbox 301 1695 1882 1768">
     <span class='ocr_line' id='line_1_15' title="bbox 301 1695 1882 1768; baseline 0.001 -18"><span class='ocrx_word' id='word_1_90' title='bbox 301 1695 521 1750; x_wconf 83' lang='lat' dir='ltr'><strong>obedire</strong></span> <span class='ocrx_word' id='word_1_91' title='bbox 568 1696 810 1760; x_wconf 76' lang='lat' dir='ltr'><strong>festines,</strong></span> <span class='ocrx_word' id='word_1_92' title='bbox 851 1699 969 1754; x_wconf 84' lang='lat' dir='ltr'><strong>sine</strong></span> <span class='ocrx_word' id='word_1_93' title='bbox 1016 1700 1226 1754; x_wconf 88' lang='lat' dir='ltr'><strong>illorum</strong></span> <span class='ocrx_word' id='word_1_94' title='bbox 1280 1700 1504 1754; x_wconf 73' lang='lat' dir='ltr'><strong>consilio</strong></span> <span class='ocrx_word' id='word_1_95' title='bbox 1553 1701 1679 1752; x_wconf 84' lang='lat' dir='ltr'><strong>nihil</strong></span> <span class='ocrx_word' id='word_1_96' title='bbox 1729 1715 1882 1768; x_wconf 89' lang='lat' dir='ltr'><strong>geras</strong></span> 
     </span>
    </p>
   </div>
   <div class='ocr_carea' id='block_1_16' title="bbox 1474 297 2385 364">
    <p class='ocr_par' dir='ltr' id='par_1_16' title="bbox 1474 297 2385 364">
     <span class='ocr_line' id='line_1_16' title="bbox 1474 297 2385 364; baseline -0.013 -1"><span class='ocrx_word' id='word_1_97' title='bbox 1474 303 1841 364; x_wconf 58' lang='lat' dir='ltr'><strong>EPISTOLJE</strong></span> <span class='ocrx_word' id='word_1_98' title='bbox 1874 300 1962 356; x_wconf 82' lang='lat' dir='ltr'><strong>ET</strong></span> <span class='ocrx_word' id='word_1_99' title='bbox 2003 297 2385 358; x_wconf 81' lang='lat' dir='ltr'><strong>OPUSCULA.</strong></span> 
     </span>
    </p>
   </div>
   <div class='ocr_carea' id='block_1_17' title="bbox 289 410 2522 494">
    <p class='ocr_par' dir='ltr' id='par_1_17' title="bbox 289 410 2522 494">
     <span class='ocr_line' id='line_1_17' title="bbox 289 410 2522 494; baseline -0.004 -22"><span class='ocrx_word' id='word_1_100' title='bbox 289 417 573 485; x_wconf 77' lang='lat' dir='ltr'><strong>Scriptura</strong></span> <span class='ocrx_word' id='word_1_101' title='bbox 606 418 859 477; x_wconf 83' lang='lat' dir='ltr'><strong>divinitus</strong></span> <span class='ocrx_word' id='word_1_102' title='bbox 907 421 1162 494; x_wconf 85' lang='lat' dir='ltr'><strong>inspirata</strong></span> <span class='ocrx_word' id='word_1_103' title='bbox 1199 422 1558 487; x_wconf 84' lang='lat' dir='ltr'><strong>commendet,</strong></span> <span class='ocrx_word' id='word_1_104' title='bbox 1590 430 1680 475; x_wconf 89' lang='lat' dir='ltr'><strong>aut</strong></span> <span class='ocrx_word' id='word_1_105' title='bbox 1709 435 1888 474; x_wconf 85' lang='lat' dir='ltr'><strong>sacer-</strong></span> <span class='ocrx_word' id='word_1_106' title='bbox 1917 417 1967 477; x_wconf 78' lang='grc' dir='ltr'><strong>Α</strong></span> <span class='ocrx_word' id='word_1_107' title='bbox 1993 415 2247 484; x_wconf 86' lang='lat' dir='ltr'><strong>scriptum</strong></span> <span class='ocrx_word' id='word_1_108' title='bbox 2295 410 2459 465; x_wconf 82' lang='lat' dir='ltr'><strong>habes</strong></span> <span class='ocrx_word' id='word_1_109' title='bbox 2509 425 2522 462; x_wconf 92' lang='lat'><strong>:</strong></span> 
     </span>
    </p>
   </div>
   <div class='ocr_carea' id='block_1_18' title="bbox 3470 298 3573 355">
    <p class='ocr_par' dir='ltr' id='par_1_18' title="bbox 3470 298 3573 355">
     <span class='ocr_line' id='line_1_18' title="bbox 3470 298 3573 355; baseline 0.01 -1"><span class='ocrx_word' id='word_1_110' title='bbox 3470 298 3573 355; x_wconf 62' lang='grc' dir='ltr'><strong>θις</strong></span> 
     </span>
    </p>
   </div>
   <div class='ocr_carea' id='block_1_19' title="bbox 2573 407 3572 475">
    <p class='ocr_par' dir='ltr' id='par_1_19' title="bbox 2573 407 3572 475">
     <span class='ocr_line' id='line_1_19' title="bbox 2573 407 3572 475; baseline 0.002 -11"><span class='ocrx_word' id='word_1_111' title='bbox 2573 407 2700 464; x_wconf 85' lang='lat' dir='ltr'><strong>Sine</strong></span> <span class='ocrx_word' id='word_1_112' title='bbox 2739 408 3015 475; x_wconf 67' lang='lat' dir='ltr'><strong>o/fensione</strong></span> <span class='ocrx_word' id='word_1_113' title='bbox 3055 418 3245 475; x_wconf 79' lang='lat' dir='ltr'><strong>estote,</strong></span> <span class='ocrx_word' id='word_1_114' title='bbox 3286 409 3486 467; x_wconf 72' lang='lat' dir='ltr'><strong>Judrris</strong></span> <span class='ocrx_word' id='word_1_115' title='bbox 3527 423 3572 466; x_wconf 81' lang='lat' dir='ltr'><strong>rt</strong></span> 
     </span>
    </p>
   </div>
   <div class='ocr_carea' id='block_1_20' title="bbox 1991 498 3575 575">
    <p class='ocr_par' dir='ltr' id='par_1_20' title="bbox 1991 498 3575 575">
     <span class='ocr_line' id='line_1_20' title="bbox 1991 498 3575 575; baseline -0.001 -15"><span class='ocrx_word' id='word_1_116' title='bbox 1991 504 2201 570; x_wconf 58' lang='lat' dir='ltr'><strong>Gracia,</strong></span> <span class='ocrx_word' id='word_1_117' title='bbox 2227 513 2274 557; x_wconf 82' lang='lat' dir='ltr'><strong>et</strong></span> <span class='ocrx_word' id='word_1_118' title='bbox 2309 502 2550 555; x_wconf 71' lang='lat' dir='ltr'><strong>Ecclesia:</strong></span> <span class='ocrx_word' id='word_1_119' title='bbox 2591 499 2685 554; x_wconf 85' lang='lat' dir='ltr'><strong>Dei</strong></span> <span class='ocrx_word' id='word_1_120' title='bbox 2725 499 2774 570; x_wconf 84' lang='grc' dir='ltr'><strong>(Ι</strong></span> <span class='ocrx_word' id='word_1_121' title='bbox 2811 498 2930 554; x_wconf 80' lang='lat' dir='ltr'><strong>Cor.</strong></span> <span class='ocrx_word' id='word_1_122' title='bbox 2956 498 3146 570; x_wconf 65' lang='lat'><strong>1,52).</strong></span> <span class='ocrx_word' id='word_1_123' title='bbox 3182 501 3369 558; x_wconf 83' lang='lat' dir='ltr'><strong>Melius</strong></span> <span class='ocrx_word' id='word_1_124' title='bbox 3415 503 3575 575; x_wconf 82' lang='lat' dir='ltr'><strong>igitur</strong></span> 
     </span>
    </p>
   </div>
   <div class='ocr_carea' id='block_1_21' title="bbox 1988 592 3574 664">
    <p class='ocr_par' dir='ltr' id='par_1_21' title="bbox 1988 592 3574 664">
     <span class='ocr_line' id='line_1_21' title="bbox 1988 592 3574 664; baseline -0.001 -13"><span class='ocrx_word' id='word_1_125' title='bbox 1988 598 2224 660; x_wconf 86' lang='lat' dir='ltr'><strong>v&#39;detur,</strong></span> <span class='ocrx_word' id='word_1_126' title='bbox 2253 611 2319 650; x_wconf 91' lang='lat' dir='ltr'><strong>ne</strong></span> <span class='ocrx_word' id='word_1_127' title='bbox 2346 593 2484 664; x_wconf 91' lang='lat' dir='ltr'><strong>quod</strong></span> <span class='ocrx_word' id='word_1_128' title='bbox 2517 592 2892 649; x_wconf 72' lang='lat' dir='ltr'><strong>olfcndiculum</strong></span> <span class='ocrx_word' id='word_1_129' title='bbox 2922 593 3082 648; x_wconf 86' lang='lat' dir='ltr'><strong>detur</strong></span> <span class='ocrx_word' id='word_1_130' title='bbox 3108 593 3392 664; x_wconf 85' lang='lat' dir='ltr'><strong>Evangelio</strong></span> <span class='ocrx_word' id='word_1_131' title='bbox 3421 595 3516 650; x_wconf 85' lang='lat' dir='ltr'><strong>Cb.-</strong></span> <span class='ocrx_word' id='word_1_132' title='bbox 3535 597 3574 650; x_wconf 89' lang='lat' dir='ltr'><strong>i-</strong></span> 
     </span>
    </p>
   </div>
   <div class='ocr_carea' id='block_1_22' title="bbox 1989 683 3574 756">
    <p class='ocr_par' dir='ltr' id='par_1_22' title="bbox 1989 683 3574 756">
     <span class='ocr_line' id='line_1_22' title="bbox 1989 683 3574 756; baseline -0.001 -13"><span class='ocrx_word' id='word_1_133' title='bbox 1989 688 2079 748; x_wconf 85' lang='lat' dir='ltr'><strong>sti.</strong></span> <span class='ocrx_word' id='word_1_134' title='bbox 2122 685 2466 741; x_wconf 83' lang='lat' dir='ltr'><strong>multitudine</strong></span> <span class='ocrx_word' id='word_1_135' title='bbox 2512 685 2868 739; x_wconf 81' lang='lat' dir='ltr'><strong>scandalizata</strong></span> <span class='ocrx_word' id='word_1_136' title='bbox 2916 683 3094 754; x_wconf 86' lang='lat' dir='ltr'><strong>populi</strong></span> <span class='ocrx_word' id='word_1_137' title='bbox 3142 684 3451 754; x_wconf 87' lang='lat' dir='ltr'><strong>Christiani,</strong></span> <span class='ocrx_word' id='word_1_138' title='bbox 3485 702 3574 756; x_wconf 82' lang='lat' dir='ltr'><strong>pa-</strong></span> 
     </span>
    </p>
   </div>
   <div class='ocr_carea' id='block_1_23' title="bbox 1990 775 3573 844">
    <p class='ocr_par' dir='ltr' id='par_1_23' title="bbox 1990 775 3573 844">
     <span class='ocr_line' id='line_1_23' title="bbox 1990 775 3573 844; baseline 0.001 -12"><span class='ocrx_word' id='word_1_139' title='bbox 1990 777 2183 832; x_wconf 90' lang='lat' dir='ltr'><strong>tientcr</strong></span> <span class='ocrx_word' id='word_1_140' title='bbox 2206 776 2309 830; x_wconf 83' lang='lat' dir='ltr'><strong>dux</strong></span> <span class='ocrx_word' id='word_1_141' title='bbox 2343 775 2558 844; x_wconf 79' lang='lat' dir='ltr'><strong>Sapiens</strong></span> <span class='ocrx_word' id='word_1_142' title='bbox 2585 775 2930 830; x_wconf 78' lang='lat' dir='ltr'><strong>offensionem</strong></span> <span class='ocrx_word' id='word_1_143' title='bbox 2965 785 3107 829; x_wconf 90' lang='lat' dir='ltr'><strong>tuam</strong></span> <span class='ocrx_word' id='word_1_144' title='bbox 3147 777 3374 842; x_wconf 85' lang='lat' dir='ltr'><strong>toleres,</strong></span> <span class='ocrx_word' id='word_1_145' title='bbox 3402 777 3573 834; x_wconf 83' lang='lat' dir='ltr'><strong>donec</strong></span> 
     </span>
    </p>
   </div>
   <div class='ocr_carea' id='block_1_24' title="bbox 1987 850 3575 940">
    <p class='ocr_par' dir='ltr' id='par_1_24' title="bbox 1987 850 3575 940">
     <span class='ocr_line' id='line_1_24' title="bbox 1987 850 3575 940; baseline 0.002 -18"><span class='ocrx_word' id='word_1_146' title='bbox 1987 850 2208 924; x_wconf 75' lang='lat' dir='ltr'><strong>alterius</strong></span> <span class='ocrx_word' id='word_1_147' title='bbox 2241 867 2644 922; x_wconf 82' lang='lat' dir='ltr'><strong>consuetudinis</strong></span> <span class='ocrx_word' id='word_1_148' title='bbox 2678 867 2763 937; x_wconf 87' lang='lat' dir='ltr'><strong>(in</strong></span> <span class='ocrx_word' id='word_1_149' title='bbox 2795 883 2898 934; x_wconf 79' lang='lat' dir='ltr'><strong>quo</strong></span> <span class='ocrx_word' id='word_1_150' title='bbox 2934 867 3251 940; x_wconf 74' lang='lat' dir='ltr'><strong>offenderis)</strong></span> <span class='ocrx_word' id='word_1_151' title='bbox 3283 879 3369 923; x_wconf 92' lang='lat' dir='ltr'><strong>aut</strong></span> <span class='ocrx_word' id='word_1_152' title='bbox 3415 871 3575 925; x_wconf 62' lang='lat' dir='ltr'><strong>ratiu-</strong></span> 
     </span>
    </p>
   </div>
   <div class='ocr_carea' id='block_1_25' title="bbox 1989 958 3573 1029">
    <p class='ocr_par' dir='ltr' id='par_1_25' title="bbox 1989 958 3573 1029">
     <span class='ocr_line' id='line_1_25' title="bbox 1989 958 3573 1029; baseline 0.002 -17"><span class='ocrx_word' id='word_1_153' title='bbox 1989 975 2107 1014; x_wconf 88' lang='lat' dir='ltr'><strong>nem</strong></span> <span class='ocrx_word' id='word_1_154' title='bbox 2150 975 2364 1029; x_wconf 85' lang='lat' dir='ltr'><strong>quoquo</strong></span> <span class='ocrx_word' id='word_1_155' title='bbox 2393 958 2553 1014; x_wconf 85' lang='lat' dir='ltr'><strong>modo</strong></span> <span class='ocrx_word' id='word_1_156' title='bbox 2583 959 2783 1027; x_wconf 88' lang='lat' dir='ltr'><strong>capias,</strong></span> <span class='ocrx_word' id='word_1_157' title='bbox 2807 968 2898 1013; x_wconf 88' lang='lat' dir='ltr'><strong>aut</strong></span> <span class='ocrx_word' id='word_1_158' title='bbox 2924 960 3184 1028; x_wconf 88' lang='lat' dir='ltr'><strong>suscipias</strong></span> <span class='ocrx_word' id='word_1_159' title='bbox 3207 961 3573 1026; x_wconf 87' lang='lat' dir='ltr'><strong>dilectionem,</strong></span> 
     </span>
    </p>
   </div>
   <div class='ocr_carea' id='block_1_26' title="bbox 1988 1052 3576 1123">
    <p class='ocr_par' dir='ltr' id='par_1_26' title="bbox 1988 1052 3576 1123">
     <span class='ocr_line' id='line_1_26' title="bbox 1988 1052 3576 1123; baseline 0.001 -17"><span class='ocrx_word' id='word_1_160' title='bbox 1988 1053 2034 1108; x_wconf 93' lang='lat' dir='ltr'><strong>si</strong></span> <span class='ocrx_word' id='word_1_161' title='bbox 2059 1061 2256 1116; x_wconf 87' lang='lat' dir='ltr'><strong>tamen,</strong></span> <span class='ocrx_word' id='word_1_162' title='bbox 2277 1063 2332 1106; x_wconf 88' lang='lat' dir='ltr'><strong>ut</strong></span> <span class='ocrx_word' id='word_1_163' title='bbox 2361 1066 2506 1122; x_wconf 59' lang='lat' dir='ltr'><strong>saepe</strong></span> <span class='ocrx_word' id='word_1_164' title='bbox 2532 1052 2817 1108; x_wconf 90' lang='lat' dir='ltr'><strong>dicendum</strong></span> <span class='ocrx_word' id='word_1_165' title='bbox 2839 1061 2941 1119; x_wconf 85' lang='lat' dir='ltr'><strong>est,</strong></span> <span class='ocrx_word' id='word_1_166' title='bbox 2968 1053 3169 1108; x_wconf 91' lang='lat' dir='ltr'><strong>nullum</strong></span> <span class='ocrx_word' id='word_1_167' title='bbox 3199 1055 3414 1110; x_wconf 86' lang='lat' dir='ltr'><strong>timetur</strong></span> <span class='ocrx_word' id='word_1_168' title='bbox 3439 1059 3576 1123; x_wconf 88' lang='lat' dir='ltr'><strong>peri-</strong></span> 
     </span>
    </p>
   </div>
   <div class='ocr_carea' id='block_1_27' title="bbox 1989 1144 3576 1216">
    <p class='ocr_par' dir='ltr' id='par_1_27' title="bbox 1989 1144 3576 1216">
     <span class='ocr_line' id='line_1_27' title="bbox 1989 1144 3576 1216; baseline 0.001 -18"><span class='ocrx_word' id='word_1_169' title='bbox 1989 1144 2169 1198; x_wconf 91' lang='lat' dir='ltr'><strong>culum</strong></span> <span class='ocrx_word' id='word_1_170' title='bbox 2213 1144 2531 1212; x_wconf 84' lang='lat' dir='ltr'><strong>ﬁdei.Qood</strong></span> <span class='ocrx_word' id='word_1_171' title='bbox 2564 1144 2706 1198; x_wconf 81' lang='lat' dir='ltr'><strong>enini</strong></span> <span class='ocrx_word' id='word_1_172' title='bbox 2742 1145 2861 1200; x_wconf 84' lang='lat' dir='ltr'><strong>ﬁdei</strong></span> <span class='ocrx_word' id='word_1_173' title='bbox 2895 1161 2998 1199; x_wconf 90' lang='lat' dir='ltr'><strong>non</strong></span> <span class='ocrx_word' id='word_1_174' title='bbox 3032 1155 3310 1216; x_wconf 82' lang='lat' dir='ltr'><strong>repugnat,</strong></span> <span class='ocrx_word' id='word_1_175' title='bbox 3343 1147 3444 1201; x_wconf 80' lang='lat' dir='ltr'><strong>hoc</strong></span> <span class='ocrx_word' id='word_1_176' title='bbox 3491 1163 3576 1202; x_wconf 87' lang='lat' dir='ltr'><strong>so-</strong></span> 
     </span>
    </p>
   </div>
   <div class='ocr_carea' id='block_1_28' title="bbox 1992 1227 3576 1306">
    <p class='ocr_par' dir='ltr' id='par_1_28' title="bbox 1992 1227 3576 1306">
     <span class='ocr_line' id='line_1_28' title="bbox 1992 1227 3576 1306; baseline 0.002 -19"><span class='ocrx_word' id='word_1_177' title='bbox 1992 1234 2098 1288; x_wconf 93' lang='lat' dir='ltr'><strong>lum</strong></span> <span class='ocrx_word' id='word_1_178' title='bbox 2129 1227 2288 1289; x_wconf 80' lang='lat' dir='ltr'><strong>debet</strong></span> <span class='ocrx_word' id='word_1_179' title='bbox 2315 1234 2686 1304; x_wconf 71' lang='lat' dir='ltr'><strong>a‘quanimiter</strong></span> <span class='ocrx_word' id='word_1_180' title='bbox 2715 1236 2987 1304; x_wconf 82' lang='lat' dir='ltr'><strong>sustineri,</strong></span> <span class='ocrx_word' id='word_1_181' title='bbox 3014 1253 3111 1306; x_wconf 93' lang='lat' dir='ltr'><strong>pro</strong></span> <span class='ocrx_word' id='word_1_182' title='bbox 3140 1238 3397 1294; x_wconf 85' lang='lat' dir='ltr'><strong>seandalo</strong></span> <span class='ocrx_word' id='word_1_183' title='bbox 3431 1240 3576 1293; x_wconf 89' lang='lat' dir='ltr'><strong>scili-</strong></span> 
     </span>
    </p>
   </div>
   <div class='ocr_carea' id='block_1_29' title="bbox 1992 1324 3576 1398">
    <p class='ocr_par' dir='ltr' id='par_1_29' title="bbox 1992 1324 3576 1398">
     <span class='ocr_line' id='line_1_29' title="bbox 1992 1324 3576 1398; baseline 0.003 -20"><span class='ocrx_word' id='word_1_184' title='bbox 1992 1332 2080 1378; x_wconf 86' lang='lat' dir='ltr'><strong>cet</strong></span> <span class='ocrx_word' id='word_1_185' title='bbox 2108 1324 2286 1393; x_wconf 80' lang='lat' dir='ltr'><strong>populi</strong></span> <span class='ocrx_word' id='word_1_186' title='bbox 2315 1342 2328 1377; x_wconf 91' lang='lat'><strong>:</strong></span> <span class='ocrx_word' id='word_1_187' title='bbox 2355 1325 2477 1394; x_wconf 87' lang='lat' dir='ltr'><strong>quia</strong></span> <span class='ocrx_word' id='word_1_188' title='bbox 2507 1335 2558 1378; x_wconf 87' lang='lat' dir='ltr'><strong>et</strong></span> <span class='ocrx_word' id='word_1_189' title='bbox 2587 1328 2688 1380; x_wconf 89' lang='lat' dir='ltr'><strong>hoc</strong></span> <span class='ocrx_word' id='word_1_190' title='bbox 2719 1326 2898 1395; x_wconf 87' lang='lat' dir='ltr'><strong>utique</strong></span> <span class='ocrx_word' id='word_1_191' title='bbox 2929 1327 2991 1380; x_wconf 89' lang='lat' dir='ltr'><strong>ad</strong></span> <span class='ocrx_word' id='word_1_192' title='bbox 3023 1328 3318 1382; x_wconf 86' lang='lat' dir='ltr'><strong>custodiam</strong></span> <span class='ocrx_word' id='word_1_193' title='bbox 3349 1331 3576 1398; x_wconf 71' lang='lat' dir='ltr'><strong>pertinet</strong></span> 
     </span>
    </p>
   </div>
   <div class='ocr_carea' id='block_1_30' title="bbox 1992 1412 3576 1488">
    <p class='ocr_par' dir='ltr' id='par_1_30' title="bbox 1992 1412 3576 1488">
     <span class='ocr_line' id='line_1_30' title="bbox 1992 1412 3576 1488; baseline 0.006 -22"><span class='ocrx_word' id='word_1_194' title='bbox 1992 1412 2142 1480; x_wconf 87' lang='lat' dir='ltr'><strong>ﬁdei,</strong></span> <span class='ocrx_word' id='word_1_195' title='bbox 2170 1416 2341 1470; x_wconf 83' lang='lat' dir='ltr'><strong>vitare</strong></span> <span class='ocrx_word' id='word_1_196' title='bbox 2370 1415 2674 1470; x_wconf 69' lang='lat' dir='ltr'><strong>scandalum</strong></span> <span class='ocrx_word' id='word_1_197' title='bbox 2708 1415 2906 1487; x_wconf 74' lang='lat' dir='ltr'><strong>populi.</strong></span> <span class='ocrx_word' id='word_1_198' title='bbox 2937 1417 3168 1486; x_wconf 81' lang='lat' dir='ltr'><strong>Populus</strong></span> <span class='ocrx_word' id='word_1_199' title='bbox 3197 1422 3392 1488; x_wconf 57' lang='lat' dir='ltr'><strong>quippe</strong></span> <span class='ocrx_word' id='word_1_200' title='bbox 3424 1437 3576 1474; x_wconf 87' lang='lat' dir='ltr'><strong>scan-</strong></span> 
     </span>
    </p>
   </div>
   <div class='ocr_carea' id='block_1_31' title="bbox 1991 1506 3576 1580">
    <p class='ocr_par' dir='ltr' id='par_1_31' title="bbox 1991 1506 3576 1580">
     <span class='ocr_line' id='line_1_31' title="bbox 1991 1506 3576 1580; baseline 0.003 -21"><span class='ocrx_word' id='word_1_201' title='bbox 1991 1506 2246 1561; x_wconf 84' lang='lat' dir='ltr'><strong>dalizatus</strong></span> <span class='ocrx_word' id='word_1_202' title='bbox 2272 1507 2428 1562; x_wconf 82' lang='lat' dir='ltr'><strong>facile</strong></span> <span class='ocrx_word' id='word_1_203' title='bbox 2455 1508 2520 1561; x_wconf 89' lang='lat' dir='ltr'><strong>ad</strong></span> <span class='ocrx_word' id='word_1_204' title='bbox 2549 1507 2836 1563; x_wconf 80' lang='lat' dir='ltr'><strong>schismata</strong></span> <span class='ocrx_word' id='word_1_205' title='bbox 2867 1509 3088 1578; x_wconf 85' lang='lat' dir='ltr'><strong>prosilit,</strong></span> <span class='ocrx_word' id='word_1_206' title='bbox 3108 1518 3163 1565; x_wconf 91' lang='lat' dir='ltr'><strong>et</strong></span> <span class='ocrx_word' id='word_1_207' title='bbox 3191 1511 3291 1564; x_wconf 37' lang='lat' dir='ltr'><strong>xcis</strong></span> <span class='ocrx_word' id='word_1_208' title='bbox 3313 1511 3576 1580; x_wconf 88' lang='lat' dir='ltr'><strong>quomodo</strong></span> 
     </span>
    </p>
   </div>
   <div class='ocr_carea' id='block_1_32' title="bbox 1993 1601 3578 1672">
    <p class='ocr_par' dir='ltr' id='par_1_32' title="bbox 1993 1601 3578 1672">
     <span class='ocr_line' id='line_1_32' title="bbox 1993 1601 3578 1672; baseline 0.003 -18"><span class='ocrx_word' id='word_1_209' title='bbox 1993 1601 2170 1655; x_wconf 85' lang='lat' dir='ltr'><strong>omnis</strong></span> <span class='ocrx_word' id='word_1_210' title='bbox 2201 1601 2332 1657; x_wconf 88' lang='lat' dir='ltr'><strong>lldes</strong></span> <span class='ocrx_word' id='word_1_211' title='bbox 2365 1601 2697 1670; x_wconf 57' lang='lat' dir='ltr'><strong>perirlitetur</strong></span> <span class='ocrx_word' id='word_1_212' title='bbox 2728 1602 2780 1656; x_wconf 92' lang='lat' dir='ltr'><strong>in</strong></span> <span class='ocrx_word' id='word_1_213' title='bbox 2811 1603 3126 1658; x_wconf 88' lang='lat' dir='ltr'><strong>schismate.</strong></span> <span class='ocrx_word' id='word_1_214' title='bbox 3159 1606 3360 1657; x_wconf 74' lang='lat' dir='ltr'><strong>lionutn</strong></span> <span class='ocrx_word' id='word_1_215' title='bbox 3402 1604 3578 1672; x_wconf 87' lang='lat' dir='ltr'><strong>itaque</strong></span> 
     </span>
    </p>
   </div>
   <div class='ocr_carea' id='block_1_33' title="bbox 1993 1693 3578 1760">
    <p class='ocr_par' dir='ltr' id='par_1_33' title="bbox 1993 1693 3578 1760">
     <span class='ocr_line' id='line_1_33' title="bbox 1993 1693 3578 1760; baseline 0 -11"><span class='ocrx_word' id='word_1_216' title='bbox 1993 1702 2076 1749; x_wconf 90' lang='lat' dir='ltr'><strong>est</strong></span> <span class='ocrx_word' id='word_1_217' title='bbox 2116 1701 2203 1758; x_wconf 90' lang='lat' dir='ltr'><strong>ut,</strong></span> <span class='ocrx_word' id='word_1_218' title='bbox 2251 1701 2304 1747; x_wconf 87' lang='lat' dir='ltr'><strong>te</strong></span> <span class='ocrx_word' id='word_1_219' title='bbox 2351 1693 2592 1760; x_wconf 73' lang='lat' dir='ltr'><strong>favente,</strong></span> <span class='ocrx_word' id='word_1_220' title='bbox 2637 1704 2688 1748; x_wconf 89' lang='lat' dir='ltr'><strong>te</strong></span> <span class='ocrx_word' id='word_1_221' title='bbox 2737 1693 3135 1759; x_wconf 75' lang='lat' dir='ltr'><strong>consentiente,</strong></span> <span class='ocrx_word' id='word_1_222' title='bbox 3179 1705 3234 1748; x_wconf 91' lang='lat' dir='ltr'><strong>ct</strong></span> <span class='ocrx_word' id='word_1_223' title='bbox 3277 1695 3578 1749; x_wconf 86' lang='lat' dir='ltr'><strong>nullatenus</strong></span> 
     </span>
    </p>
   </div>
   <div class='ocr_carea' id='block_1_34' title="bbox 299 1772 3577 1864">
    <p class='ocr_par' dir='ltr' id='par_1_34' title="bbox 299 1772 3577 1864">
     <span class='ocr_line' id='line_1_34' title="bbox 299 1772 3577 1864; baseline -0.002 -21"><span class='ocrx_word' id='word_1_224' title='bbox 299 1805 533 1856; x_wconf 84' lang='lat' dir='ltr'><strong>quorum</strong></span> <span class='ocrx_word' id='word_1_225' title='bbox 567 1794 829 1862; x_wconf 80' lang='lat' dir='ltr'><strong>precibus</strong></span> <span class='ocrx_word' id='word_1_226' title='bbox 869 1794 1160 1864; x_wconf 71' lang='lat' dir='ltr'><strong>adjuvaris,</strong></span> <span class='ocrx_word' id='word_1_227' title='bbox 1195 1792 1471 1862; x_wconf 68' lang='lat' dir='ltr'><strong>Prmcipue</strong></span> <span class='ocrx_word' id='word_1_228' title='bbox 1520 1802 1694 1847; x_wconf 90' lang='lat' dir='ltr'><strong>tamen</strong></span> <span class='ocrx_word' id='word_1_229' title='bbox 1744 1794 1887 1847; x_wconf 90' lang='lat' dir='ltr'><strong>inter</strong></span> <span class='ocrx_word' id='word_1_230' title='bbox 1919 1772 1964 1830; x_wconf 77' lang='grc' dir='ltr'><strong>Β</strong></span> <span class='ocrx_word' id='word_1_231' title='bbox 1993 1783 2327 1854; x_wconf 87' lang='lat' dir='ltr'><strong>prohibente,</strong></span> <span class='ocrx_word' id='word_1_232' title='bbox 2368 1785 2662 1838; x_wconf 87' lang='lat' dir='ltr'><strong>secundum</strong></span> <span class='ocrx_word' id='word_1_233' title='bbox 2695 1784 2957 1852; x_wconf 86' lang='lat' dir='ltr'><strong>piissimas</strong></span> <span class='ocrx_word' id='word_1_234' title='bbox 2990 1784 3202 1838; x_wconf 85' lang='lat' dir='ltr'><strong>Patrum</strong></span> <span class='ocrx_word' id='word_1_235' title='bbox 3234 1784 3577 1840; x_wconf 74' lang='lat' dir='ltr'><strong>deﬁnitiones</strong></span> 
     </span>
    </p>
   </div>
   <div class='ocr_carea' id='block_1_35' title="bbox 297 1885 1882 1957">
    <p class='ocr_par' dir='ltr' id='par_1_35' title="bbox 297 1885 1882 1957">
     <span class='ocr_line' id='line_1_35' title="bbox 297 1885 1882 1957; baseline 0.003 -21"><span class='ocrx_word' id='word_1_236' title='bbox 297 1885 480 1940; x_wconf 85' lang='lat' dir='ltr'><strong>ofﬁcia</strong></span> <span class='ocrx_word' id='word_1_237' title='bbox 511 1887 812 1957; x_wconf 70' lang='lat' dir='ltr'><strong>religionis,</strong></span> <span class='ocrx_word' id='word_1_238' title='bbox 839 1889 1005 1940; x_wconf 80' lang='lat' dir='ltr'><strong>solam</strong></span> <span class='ocrx_word' id='word_1_239' title='bbox 1037 1887 1211 1942; x_wconf 83' lang='lat' dir='ltr'><strong>discas</strong></span> <span class='ocrx_word' id='word_1_240' title='bbox 1246 1887 1600 1941; x_wconf 88' lang='lat' dir='ltr'><strong>obedientiam</strong></span> <span class='ocrx_word' id='word_1_241' title='bbox 1631 1885 1841 1940; x_wconf 68' lang='lat' dir='ltr'><strong>deferre</strong></span> <span class='ocrx_word' id='word_1_242' title='bbox 1871 1904 1882 1939; x_wconf 89' lang='lat'><strong>:</strong></span> 
     </span>
    </p>
   </div>
   <div class='ocr_carea' id='block_1_36' title="bbox 309 1976 1887 2047">
    <p class='ocr_par' dir='ltr' id='par_1_36' title="bbox 309 1976 1887 2047">
     <span class='ocr_line' id='line_1_36' title="bbox 309 1976 1887 2047; baseline 0 -17"><span class='ocrx_word' id='word_1_243' title='bbox 309 1985 363 2030; x_wconf 90' lang='lat' dir='ltr'><strong>et</strong></span> <span class='ocrx_word' id='word_1_244' title='bbox 393 1976 681 2045; x_wconf 81' lang='lat' dir='ltr'><strong>siquando</strong></span> <span class='ocrx_word' id='word_1_245' title='bbox 724 1977 914 2047; x_wconf 83' lang='lat' dir='ltr'><strong>aliquis</strong></span> <span class='ocrx_word' id='word_1_246' title='bbox 942 1979 1223 2044; x_wconf 84' lang='lat' dir='ltr'><strong>scrupulus</strong></span> <span class='ocrx_word' id='word_1_247' title='bbox 1268 1987 1499 2032; x_wconf 87' lang='lat' dir='ltr'><strong>mentem</strong></span> <span class='ocrx_word' id='word_1_248' title='bbox 1545 1985 1750 2040; x_wconf 87' lang='lat' dir='ltr'><strong>movet,</strong></span> <span class='ocrx_word' id='word_1_249' title='bbox 1783 1990 1887 2030; x_wconf 85' lang='lat' dir='ltr'><strong>non</strong></span> 
     </span>
    </p>
   </div>
   <div class='ocr_carea' id='block_1_37' title="bbox 301 2068 1888 2138">
    <p class='ocr_par' dir='ltr' id='par_1_37' title="bbox 301 2068 1888 2138">
     <span class='ocr_line' id='line_1_37' title="bbox 301 2068 1888 2138; baseline 0 -18"><span class='ocrx_word' id='word_1_250' title='bbox 301 2069 548 2137; x_wconf 68' lang='lat' dir='ltr'><strong>sequaris</strong></span> <span class='ocrx_word' id='word_1_251' title='bbox 587 2069 742 2123; x_wconf 84' lang='lat' dir='ltr'><strong>l&#39;ae&#39;le</strong></span> <span class='ocrx_word' id='word_1_252' title='bbox 788 2071 1110 2124; x_wconf 82' lang='lat' dir='ltr'><strong>sententiam</strong></span> <span class='ocrx_word' id='word_1_253' title='bbox 1158 2071 1448 2138; x_wconf 86' lang='lat' dir='ltr'><strong>propriam,</strong></span> <span class='ocrx_word' id='word_1_254' title='bbox 1476 2084 1576 2123; x_wconf 90' lang='lat' dir='ltr'><strong>nec</strong></span> <span class='ocrx_word' id='word_1_255' title='bbox 1604 2068 1724 2122; x_wconf 90' lang='lat' dir='ltr'><strong>aliis</strong></span> <span class='ocrx_word' id='word_1_256' title='bbox 1769 2083 1888 2137; x_wconf 88' lang='lat' dir='ltr'><strong>per-</strong></span> 
     </span>
    </p>
   </div>
   <div class='ocr_carea' id='block_1_38' title="bbox 303 2159 1889 2229">
    <p class='ocr_par' dir='ltr' id='par_1_38' title="bbox 303 2159 1889 2229">
     <span class='ocr_line' id='line_1_38' title="bbox 303 2159 1889 2229; baseline -0.001 -16"><span class='ocrx_word' id='word_1_257' title='bbox 303 2175 397 2213; x_wconf 88' lang='lat' dir='ltr'><strong>sua</strong></span> <span class='ocrx_word' id='word_1_258' title='bbox 420 2160 531 2215; x_wconf 68' lang='lat' dir='ltr'><strong>lere</strong></span> <span class='ocrx_word' id='word_1_259' title='bbox 559 2160 792 2223; x_wconf 89' lang='lat' dir='ltr'><strong>coneris,</strong></span> <span class='ocrx_word' id='word_1_260' title='bbox 817 2160 916 2214; x_wconf 85' lang='lat' dir='ltr'><strong>nisi</strong></span> <span class='ocrx_word' id='word_1_261' title='bbox 947 2161 1093 2229; x_wconf 88' lang='lat' dir='ltr'><strong>prius</strong></span> <span class='ocrx_word' id='word_1_262' title='bbox 1119 2175 1236 2213; x_wconf 84' lang='lat' dir='ltr'><strong>eam</strong></span> <span class='ocrx_word' id='word_1_263' title='bbox 1268 2159 1634 2214; x_wconf 85' lang='lat' dir='ltr'><strong>sacerdoibus</strong></span> <span class='ocrx_word' id='word_1_264' title='bbox 1660 2171 1889 2226; x_wconf 80' lang='lat' dir='ltr'><strong>agnove-</strong></span> 
     </span>
    </p>
   </div>
   <div class='ocr_carea' id='block_1_39' title="bbox 306 2248 1889 2321">
    <p class='ocr_par' dir='ltr' id='par_1_39' title="bbox 306 2248 1889 2321">
     <span class='ocr_line' id='line_1_39' title="bbox 306 2248 1889 2321; baseline -0.001 -19"><span class='ocrx_word' id='word_1_265' title='bbox 306 2251 379 2304; x_wconf 78' lang='lat' dir='ltr'><strong>ris</strong></span> <span class='ocrx_word' id='word_1_266' title='bbox 419 2251 708 2320; x_wconf 80' lang='lat' dir='ltr'><strong>placuisse.</strong></span> <span class='ocrx_word' id='word_1_267' title='bbox 747 2251 1014 2311; x_wconf 77' lang='lat' dir='ltr'><strong>Memento</strong></span> <span class='ocrx_word' id='word_1_268' title='bbox 1060 2250 1185 2321; x_wconf 78' lang='lat' dir='ltr'><strong>quid</strong></span> <span class='ocrx_word' id='word_1_269' title='bbox 1233 2251 1324 2303; x_wconf 93' lang='lat' dir='ltr'><strong>tibi</strong></span> <span class='ocrx_word' id='word_1_270' title='bbox 1375 2249 1425 2303; x_wconf 90' lang='lat' dir='ltr'><strong>in</strong></span> <span class='ocrx_word' id='word_1_271' title='bbox 1476 2248 1889 2303; x_wconf 79' lang='lat' dir='ltr'><strong>Dcuteronomio</strong></span> 
     </span>
    </p>
   </div>
   <div class='ocr_carea' id='block_1_40' title="bbox 307 2338 1890 2413">
    <p class='ocr_par' dir='ltr' id='par_1_40' title="bbox 307 2338 1890 2413">
     <span class='ocr_line' id='line_1_40' title="bbox 307 2338 1890 2413; baseline -0.004 -17"><span class='ocrx_word' id='word_1_272' title='bbox 307 2342 448 2397; x_wconf 85' lang='lat' dir='ltr'><strong>Deus</strong></span> <span class='ocrx_word' id='word_1_273' title='bbox 477 2342 724 2407; x_wconf 78' lang='lat' dir='ltr'><strong>loquatur</strong></span> <span class='ocrx_word' id='word_1_274' title='bbox 748 2359 762 2396; x_wconf 88' lang='lat'><strong>:</strong></span> <span class='ocrx_word' id='word_1_275' title='bbox 790 2341 1056 2413; x_wconf 69' lang='lat' dir='ltr'><strong>Inltrroga</strong></span> <span class='ocrx_word' id='word_1_276' title='bbox 1085 2352 1278 2409; x_wconf 64' lang='lat' dir='ltr'><strong>parrem</strong></span> <span class='ocrx_word' id='word_1_277' title='bbox 1309 2351 1469 2398; x_wconf 74' lang='lat' dir='ltr'><strong>litum.</strong></span> <span class='ocrx_word' id='word_1_278' title='bbox 1495 2349 1540 2393; x_wconf 83' lang='lat' dir='ltr'><strong>et</strong></span> <span class='ocrx_word' id='word_1_279' title='bbox 1573 2338 1890 2392; x_wconf 79' lang='lat' dir='ltr'><strong>mntttntt&#39;abil</strong></span> 
     </span>
    </p>
   </div>
   <div class='ocr_carea' id='block_1_41' title="bbox 301 2430 1888 2502">
    <p class='ocr_par' dir='ltr' id='par_1_41' title="bbox 301 2430 1888 2502">
     <span class='ocr_line' id='line_1_41' title="bbox 301 2430 1888 2502; baseline -0.001 -18"><span class='ocrx_word' id='word_1_280' title='bbox 301 2431 427 2497; x_wconf 80' lang='lat' dir='ltr'><strong>tibi;</strong></span> <span class='ocrx_word' id='word_1_281' title='bbox 452 2433 764 2502; x_wconf 74' lang='lat' dir='ltr'><strong>presbyteros</strong></span> <span class='ocrx_word' id='word_1_282' title='bbox 791 2442 926 2497; x_wconf 80' lang='lat' dir='ltr'><strong>tuos,</strong></span> <span class='ocrx_word' id='word_1_283' title='bbox 945 2444 990 2486; x_wconf 80' lang='lat' dir='ltr'><strong>et</strong></span> <span class='ocrx_word' id='word_1_284' title='bbox 1013 2433 1106 2486; x_wconf 62' lang='lat' dir='ltr'><strong>dic.</strong></span> <span class='ocrx_word' id='word_1_285' title='bbox 1125 2445 1179 2486; x_wconf 84' lang='lat' dir='ltr'><strong>ut</strong></span> <span class='ocrx_word' id='word_1_286' title='bbox 1207 2432 1296 2486; x_wconf 76' lang='lat' dir='ltr'><strong>tibi</strong></span> <span class='ocrx_word' id='word_1_287' title='bbox 1320 2432 1491 2485; x_wconf 83' lang='lat' dir='ltr'><strong>omnia</strong></span> <span class='ocrx_word' id='word_1_288' title='bbox 1516 2430 1698 2499; x_wconf 75' lang='lat' dir='ltr'><strong>(Deut.</strong></span> <span class='ocrx_word' id='word_1_289' title='bbox 1719 2445 1888 2496; x_wconf 75' lang='lat' dir='ltr'><strong>xxx&quot;,</strong></span> 
     </span>
    </p>
   </div>
   <div class='ocr_carea' id='block_1_42' title="bbox 301 2518 1886 2590">
    <p class='ocr_par' dir='ltr' id='par_1_42' title="bbox 301 2518 1886 2590">
     <span class='ocr_line' id='line_1_42' title="bbox 301 2518 1886 2590; baseline 0 -17"><span class='ocrx_word' id='word_1_290' title='bbox 301 2518 383 2588; x_wconf 85' lang='lat'><strong>7).</strong></span> <span class='ocrx_word' id='word_1_291' title='bbox 409 2522 641 2576; x_wconf 82' lang='lat' dir='ltr'><strong>Consule</strong></span> <span class='ocrx_word' id='word_1_292' title='bbox 661 2537 788 2590; x_wconf 86' lang='lat' dir='ltr'><strong>ergo</strong></span> <span class='ocrx_word' id='word_1_293' title='bbox 816 2537 948 2590; x_wconf 87' lang='lat' dir='ltr'><strong>quos</strong></span> <span class='ocrx_word' id='word_1_294' title='bbox 973 2522 1111 2576; x_wconf 73' lang='lat' dir='ltr'><strong>Deus</strong></span> <span class='ocrx_word' id='word_1_295' title='bbox 1135 2522 1369 2575; x_wconf 66' lang='lat' dir='ltr'><strong>scientiae</strong></span> <span class='ocrx_word' id='word_1_296' title='bbox 1402 2521 1658 2573; x_wconf 78' lang='lat' dir='ltr'><strong>Dominus</strong></span> <span class='ocrx_word' id='word_1_297' title='bbox 1683 2519 1886 2574; x_wconf 57' lang='lat' dir='ltr'><strong>consuli</strong></span> 
     </span>
    </p>
   </div>
   <div class='ocr_carea' id='block_1_43' title="bbox 303 2610 1887 2680">
    <p class='ocr_par' dir='ltr' id='par_1_43' title="bbox 303 2610 1887 2680">
     <span class='ocr_line' id='line_1_43' title="bbox 303 2610 1887 2680; baseline 0.002 -19"><span class='ocrx_word' id='word_1_298' title='bbox 303 2611 501 2666; x_wconf 81' lang='lat' dir='ltr'><strong>debere</strong></span> <span class='ocrx_word' id='word_1_299' title='bbox 539 2613 886 2667; x_wconf 87' lang='lat' dir='ltr'><strong>commonuit.</strong></span> <span class='ocrx_word' id='word_1_300' title='bbox 921 2613 1136 2668; x_wconf 83' lang='lat' dir='ltr'><strong>Etiamsi</strong></span> <span class='ocrx_word' id='word_1_301' title='bbox 1172 2613 1261 2666; x_wconf 74' lang='lat' dir='ltr'><strong>tibi</strong></span> <span class='ocrx_word' id='word_1_302' title='bbox 1320 2612 1557 2667; x_wconf 72' lang='lat' dir='ltr'><strong>scientia:</strong></span> <span class='ocrx_word' id='word_1_303' title='bbox 1596 2610 1887 2680; x_wconf 78' lang='lat' dir='ltr'><strong>plenitudo,</strong></span> 
     </span>
    </p>
   </div>
   <div class='ocr_carea' id='block_1_44' title="bbox 305 2701 1891 2771">
    <p class='ocr_par' dir='ltr' id='par_1_44' title="bbox 305 2701 1891 2771">
     <span class='ocr_line' id='line_1_44' title="bbox 305 2701 1891 2771; baseline 0 -17"><span class='ocrx_word' id='word_1_304' title='bbox 305 2701 352 2754; x_wconf 86' lang='lat' dir='ltr'><strong>si</strong></span> <span class='ocrx_word' id='word_1_305' title='bbox 385 2701 602 2755; x_wconf 82' lang='lat' dir='ltr'><strong>facultas</strong></span> <span class='ocrx_word' id='word_1_306' title='bbox 634 2720 662 2754; x_wconf 92' lang='lat' dir='ltr'><strong>n</strong></span> <span class='ocrx_word' id='word_1_307' title='bbox 689 2702 851 2771; x_wconf 85' lang='lat' dir='ltr'><strong>ajoris</strong></span> <span class='ocrx_word' id='word_1_308' title='bbox 879 2703 1073 2771; x_wconf 83' lang='lat' dir='ltr'><strong>eloquii</strong></span> <span class='ocrx_word' id='word_1_309' title='bbox 1103 2718 1126 2755; x_wconf 92' lang='lat' dir='ltr'><strong>s</strong></span> <span class='ocrx_word' id='word_1_310' title='bbox 1169 2710 1369 2770; x_wconf 82' lang='lat' dir='ltr'><strong>pp.:tat,</strong></span> <span class='ocrx_word' id='word_1_311' title='bbox 1399 2702 1651 2754; x_wconf 83' lang='lat' dir='ltr'><strong>inclinata</strong></span> <span class='ocrx_word' id='word_1_312' title='bbox 1680 2701 1891 2754; x_wconf 82' lang='lat' dir='ltr'><strong>cervice</strong></span> 
     </span>
    </p>
   </div>
   <div class='ocr_carea' id='block_1_45' title="bbox 311 2790 1891 2860">
    <p class='ocr_par' dir='ltr' id='par_1_45' title="bbox 311 2790 1891 2860">
     <span class='ocr_line' id='line_1_45' title="bbox 311 2790 1891 2860; baseline 0.002 -19"><span class='ocrx_word' id='word_1_313' title='bbox 311 2791 376 2842; x_wconf 89' lang='lat' dir='ltr'><strong>ad</strong></span> <span class='ocrx_word' id='word_1_314' title='bbox 418 2790 730 2844; x_wconf 88' lang='lat' dir='ltr'><strong>lnunilitatis</strong></span> <span class='ocrx_word' id='word_1_315' title='bbox 771 2803 970 2845; x_wconf 74' lang='lat' dir='ltr'><strong>sanctze</strong></span> <span class='ocrx_word' id='word_1_316' title='bbox 1003 2793 1350 2860; x_wconf 77' lang='lat' dir='ltr'><strong>propositum,</strong></span> <span class='ocrx_word' id='word_1_317' title='bbox 1383 2792 1601 2846; x_wconf 78' lang='lat' dir='ltr'><strong>Consule</strong></span> <span class='ocrx_word' id='word_1_318' title='bbox 1641 2791 1891 2846; x_wconf 83' lang='lat' dir='ltr'><strong>sacerdo-</strong></span> 
     </span>
    </p>
   </div>
   <div class='ocr_carea' id='block_1_46' title="bbox 309 2880 1892 2950">
    <p class='ocr_par' dir='ltr' id='par_1_46' title="bbox 309 2880 1892 2950">
     <span class='ocr_line' id='line_1_46' title="bbox 309 2880 1892 2950; baseline 0.001 -17"><span class='ocrx_word' id='word_1_319' title='bbox 309 2891 412 2935; x_wconf 82' lang='lat' dir='ltr'><strong>tes.</strong></span> <span class='ocrx_word' id='word_1_320' title='bbox 439 2880 667 2936; x_wconf 83' lang='lat' dir='ltr'><strong>Consule</strong></span> <span class='ocrx_word' id='word_1_321' title='bbox 695 2892 870 2936; x_wconf 84' lang='lat' dir='ltr'><strong>autem</strong></span> <span class='ocrx_word' id='word_1_322' title='bbox 904 2884 987 2950; x_wconf 89' lang='lat' dir='ltr'><strong>pie</strong></span> <span class='ocrx_word' id='word_1_323' title='bbox 1017 2883 1324 2950; x_wconf 59' lang='lat' dir='ltr'><strong>quaerendo,</strong></span> <span class='ocrx_word' id='word_1_324' title='bbox 1346 2897 1452 2934; x_wconf 90' lang='lat' dir='ltr'><strong>non</strong></span> <span class='ocrx_word' id='word_1_325' title='bbox 1482 2881 1739 2935; x_wconf 72' lang='lat' dir='ltr'><strong>violenter</strong></span> <span class='ocrx_word' id='word_1_326' title='bbox 1767 2880 1892 2950; x_wconf 87' lang='lat' dir='ltr'><strong>quid</strong></span> 
     </span>
    </p>
   </div>
   <div class='ocr_carea' id='block_1_47' title="bbox 318 2973 1890 3042">
    <p class='ocr_par' dir='ltr' id='par_1_47' title="bbox 318 2973 1890 3042">
     <span class='ocr_line' id='line_1_47' title="bbox 318 2973 1890 3042; baseline 0.002 -17"><span class='ocrx_word' id='word_1_327' title='bbox 318 2973 670 3040; x_wconf 74' lang='lat' dir='ltr'><strong>repondeant</strong></span> <span class='ocrx_word' id='word_1_328' title='bbox 705 2975 1040 3040; x_wconf 74' lang='lat' dir='ltr'><strong>iuqerando.</strong></span> <span class='ocrx_word' id='word_1_329' title='bbox 1069 2976 1178 3029; x_wconf 70' lang='lat' dir='ltr'><strong>Nec</strong></span> <span class='ocrx_word' id='word_1_330' title='bbox 1213 2976 1304 3028; x_wconf 89' lang='lat' dir='ltr'><strong>tibi</strong></span> <span class='ocrx_word' id='word_1_331' title='bbox 1338 2989 1566 3042; x_wconf 86' lang='lat' dir='ltr'><strong>unquam</strong></span> <span class='ocrx_word' id='word_1_332' title='bbox 1602 2974 1806 3042; x_wconf 86' lang='lat' dir='ltr'><strong>placeat</strong></span> <span class='ocrx_word' id='word_1_333' title='bbox 1838 2975 1890 3028; x_wconf 91' lang='lat' dir='ltr'><strong>in</strong></span> 
     </span>
    </p>
   </div>
   <div class='ocr_carea' id='block_1_48' title="bbox 308 3052 1892 3133">
    <p class='ocr_par' dir='ltr' id='par_1_48' title="bbox 308 3052 1892 3133">
     <span class='ocr_line' id='line_1_48' title="bbox 308 3052 1892 3133; baseline 0.005 -24"><span class='ocrx_word' id='word_1_334' title='bbox 308 3063 599 3128; x_wconf 77' lang='lat' dir='ltr'><strong>provinciis</strong></span> <span class='ocrx_word' id='word_1_335' title='bbox 628 3064 713 3118; x_wconf 91' lang='lat' dir='ltr'><strong>ubi</strong></span> <span class='ocrx_word' id='word_1_336' title='bbox 737 3052 986 3118; x_wconf 71' lang='lat' dir='ltr'><strong>ducatum</strong></span> <span class='ocrx_word' id='word_1_337' title='bbox 1013 3065 1153 3133; x_wconf 81' lang='lat' dir='ltr'><strong>geris</strong></span> <span class='ocrx_word' id='word_1_338' title='bbox 1178 3079 1207 3118; x_wconf 94' lang='lat' dir='ltr'><strong>c</strong></span> <span class='ocrx_word' id='word_1_339' title='bbox 1226 3081 1311 3118; x_wconf 72' lang='lat' dir='ltr'><strong>:no</strong></span> <span class='ocrx_word' id='word_1_340' title='bbox 1338 3080 1438 3117; x_wconf 44' lang='lat' dir='ltr'><strong>sum</strong></span> <span class='ocrx_word' id='word_1_341' title='bbox 1465 3065 1674 3118; x_wconf 89' lang='lat' dir='ltr'><strong>decreta</strong></span> <span class='ocrx_word' id='word_1_342' title='bbox 1703 3064 1892 3119; x_wconf 91' lang='lat' dir='ltr'><strong>rescin-</strong></span> 
     </span>
    </p>
   </div>
   <div class='ocr_carea' id='block_1_49' title="bbox 305 3151 1890 3224">
    <p class='ocr_par' dir='ltr' id='par_1_49' title="bbox 305 3151 1890 3224">
     <span class='ocr_line' id='line_1_49' title="bbox 305 3151 1890 3224; baseline 0.003 -20"><span class='ocrx_word' id='word_1_343' title='bbox 305 3151 459 3206; x_wconf 83' lang='lat' dir='ltr'><strong>dere.</strong></span> <span class='ocrx_word' id='word_1_344' title='bbox 495 3152 551 3207; x_wconf 89' lang='lat' dir='ltr'><strong>Si</strong></span> <span class='ocrx_word' id='word_1_345' title='bbox 582 3153 724 3206; x_wconf 86' lang='lat' dir='ltr'><strong>cnitn</strong></span> <span class='ocrx_word' id='word_1_346' title='bbox 761 3155 996 3220; x_wconf 68' lang='lat' dir='ltr'><strong>publicas</strong></span> <span class='ocrx_word' id='word_1_347' title='bbox 1028 3156 1172 3222; x_wconf 87' lang='lat' dir='ltr'><strong>leges</strong></span> <span class='ocrx_word' id='word_1_348' title='bbox 1201 3154 1496 3224; x_wconf 84' lang='lat' dir='ltr'><strong>transgredi</strong></span> <span class='ocrx_word' id='word_1_349' title='bbox 1527 3153 1722 3208; x_wconf 84' lang='lat' dir='ltr'><strong>metuis</strong></span> <span class='ocrx_word' id='word_1_350' title='bbox 1757 3168 1890 3223; x_wconf 89' lang='lat' dir='ltr'><strong>quas</strong></span> 
     </span>
    </p>
   </div>
   <div class='ocr_carea' id='block_1_50' title="bbox 311 3239 1891 3314">
    <p class='ocr_par' dir='ltr' id='par_1_50' title="bbox 311 3239 1891 3314">
     <span class='ocr_line' id='line_1_50' title="bbox 311 3239 1891 3314; baseline 0.003 -20"><span class='ocrx_word' id='word_1_351' title='bbox 311 3239 477 3294; x_wconf 80' lang='lat' dir='ltr'><strong>homo</strong></span> <span class='ocrx_word' id='word_1_352' title='bbox 489 3244 1056 3310; x_wconf 70' lang='lat' dir='ltr'><strong>constituit,qu«:modo</strong></span> <span class='ocrx_word' id='word_1_353' title='bbox 1072 3244 1298 3314; x_wconf 84' lang='lat' dir='ltr'><strong>Spiritus</strong></span> <span class='ocrx_word' id='word_1_354' title='bbox 1311 3247 1474 3298; x_wconf 63' lang='lat' dir='ltr'><strong>sancti</strong></span> <span class='ocrx_word' id='word_1_355' title='bbox 1491 3244 1891 3300; x_wconf 76' lang='lat' dir='ltr'><strong>definitionibus</strong></span> 
     </span>
    </p>
   </div>
   <div class='ocr_carea' id='block_1_51' title="bbox 307 3332 1890 3405">
    <p class='ocr_par' dir='ltr' id='par_1_51' title="bbox 307 3332 1890 3405">
     <span class='ocr_line' id='line_1_51' title="bbox 307 3332 1890 3405; baseline 0.004 -21"><span class='ocrx_word' id='word_1_356' title='bbox 307 3332 529 3387; x_wconf 81' lang='lat' dir='ltr'><strong>obviare</strong></span> <span class='ocrx_word' id='word_1_357' title='bbox 559 3335 824 3388; x_wconf 72' lang='lat' dir='ltr'><strong>tentabis?</strong></span> <span class='ocrx_word' id='word_1_358' title='bbox 853 3336 932 3389; x_wconf 84' lang='lat' dir='ltr'><strong>An</strong></span> <span class='ocrx_word' id='word_1_359' title='bbox 965 3335 1176 3405; x_wconf 78' lang='lat' dir='ltr'><strong>ignoras</strong></span> <span class='ocrx_word' id='word_1_360' title='bbox 1201 3337 1324 3403; x_wconf 88' lang='lat' dir='ltr'><strong>quia</strong></span> <span class='ocrx_word' id='word_1_361' title='bbox 1351 3337 1546 3404; x_wconf 78' lang='lat' dir='ltr'><strong>Spiritu</strong></span> <span class='ocrx_word' id='word_1_362' title='bbox 1574 3346 1760 3391; x_wconf 76' lang='lat' dir='ltr'><strong>sant-to</strong></span> <span class='ocrx_word' id='word_1_363' title='bbox 1787 3339 1890 3392; x_wconf 86' lang='lat' dir='ltr'><strong>acti</strong></span> 
     </span>
    </p>
   </div>
   <div class='ocr_carea' id='block_1_52' title="bbox 312 3424 1892 3504">
    <p class='ocr_par' dir='ltr' id='par_1_52' title="bbox 312 3424 1892 3504">
     <span class='ocr_line' id='line_1_52' title="bbox 312 3424 1892 3504; baseline 0.003 -26"><span class='ocrx_word' id='word_1_364' title='bbox 312 3424 476 3479; x_wconf 41' lang='lat' dir='ltr'><strong>locuti</strong></span> <span class='ocrx_word' id='word_1_365' title='bbox 509 3435 632 3504; x_wconf 83' lang='lat' dir='ltr'><strong>sunt</strong></span> <span class='ocrx_word' id='word_1_366' title='bbox 669 3427 874 3490; x_wconf 79' lang='lat' dir='ltr'><strong>Patres,</strong></span> <span class='ocrx_word' id='word_1_367' title='bbox 905 3442 1131 3496; x_wconf 87' lang='lat' dir='ltr'><strong>quorum</strong></span> <span class='ocrx_word' id='word_1_368' title='bbox 1163 3427 1205 3480; x_wconf 94' lang='lat' dir='ltr'><strong>si</strong></span> <span class='ocrx_word' id='word_1_369' title='bbox 1231 3427 1379 3496; x_wconf 55' lang='lat' dir='ltr'><strong>juss&#39;a</strong></span> <span class='ocrx_word' id='word_1_370' title='bbox 1413 3427 1785 3494; x_wconf 73' lang='lat' dir='ltr'><strong>re.-,cindimas,</strong></span> <span class='ocrx_word' id='word_1_371' title='bbox 1811 3428 1892 3482; x_wconf 87' lang='lat' dir='ltr'><strong>lo-</strong></span> 
     </span>
    </p>
   </div>
   <div class='ocr_carea' id='block_1_53' title="bbox 307 3519 1894 3589">
    <p class='ocr_par' dir='ltr' id='par_1_53' title="bbox 307 3519 1894 3589">
     <span class='ocr_line' id='line_1_53' title="bbox 307 3519 1894 3589; baseline 0.001 -19"><span class='ocrx_word' id='word_1_372' title='bbox 307 3519 496 3584; x_wconf 78' lang='lat' dir='ltr'><strong>qu-nti</strong></span> <span class='ocrx_word' id='word_1_373' title='bbox 545 3533 642 3587; x_wconf 85' lang='lat' dir='ltr'><strong>per</strong></span> <span class='ocrx_word' id='word_1_374' title='bbox 681 3533 774 3574; x_wconf 90' lang='lat' dir='ltr'><strong>eos</strong></span> <span class='ocrx_word' id='word_1_375' title='bbox 814 3519 1191 3574; x_wconf 82' lang='lat' dir='ltr'><strong>contumeliam</strong></span> <span class='ocrx_word' id='word_1_376' title='bbox 1236 3519 1562 3589; x_wconf 76' lang='lat' dir='ltr'><strong>ingerimus?</strong></span> <span class='ocrx_word' id='word_1_377' title='bbox 1593 3520 1894 3588; x_wconf 88' lang='lat' dir='ltr'><strong>poteritque</strong></span> 
     </span>
    </p>
   </div>
   <div class='ocr_carea' id='block_1_54' title="bbox 314 3609 1895 3678">
    <p class='ocr_par' dir='ltr' id='par_1_54' title="bbox 314 3609 1895 3678">
     <span class='ocr_line' id='line_1_54' title="bbox 314 3609 1895 3678; baseline 0.001 -16"><span class='ocrx_word' id='word_1_378' title='bbox 314 3609 542 3663; x_wconf 81' lang='lat' dir='ltr'><strong>forsitan</strong></span> <span class='ocrx_word' id='word_1_379' title='bbox 607 3611 897 3678; x_wconf 51' lang='lat' dir='ltr'><strong>apostolica</strong></span> <span class='ocrx_word' id='word_1_380' title='bbox 958 3611 1114 3666; x_wconf 84' lang='lat' dir='ltr'><strong>nobis</strong></span> <span class='ocrx_word' id='word_1_381' title='bbox 1177 3611 1468 3675; x_wconf 72' lang='lat' dir='ltr'><strong>increpatio</strong></span> <span class='ocrx_word' id='word_1_382' title='bbox 1531 3621 1895 3678; x_wconf 73' lang='lat' dir='ltr'><strong>eontpetenter</strong></span> 
     </span>
    </p>
   </div>
   <div class='ocr_carea' id='block_1_55' title="bbox 312 3697 1894 3770">
    <p class='ocr_par' dir='ltr' id='par_1_55' title="bbox 312 3697 1894 3770">
     <span class='ocr_line' id='line_1_55' title="bbox 312 3697 1894 3770; baseline -0.001 -15"><span class='ocrx_word' id='word_1_383' title='bbox 312 3697 490 3770; x_wconf 81' lang='lat' dir='ltr'><strong>aptari</strong></span> <span class='ocrx_word' id='word_1_384' title='bbox 514 3720 527 3758; x_wconf 89' lang='lat'><strong><em>:</em></strong></span> <span class='ocrx_word' id='word_1_385' title='bbox 557 3701 733 3756; x_wconf 79' lang='lat' dir='ltr'><strong>Zelum</strong></span> <span class='ocrx_word' id='word_1_386' title='bbox 762 3703 854 3756; x_wconf 85' lang='lat' dir='ltr'><strong>Dei</strong></span> <span class='ocrx_word' id='word_1_387' title='bbox 874 3702 1081 3768; x_wconf 70' lang='lat' dir='ltr'><strong>habent,</strong></span> <span class='ocrx_word' id='word_1_388' title='bbox 1105 3702 1190 3754; x_wconf 84' lang='lat' dir='ltr'><strong>sed</strong></span> <span class='ocrx_word' id='word_1_389' title='bbox 1215 3719 1312 3754; x_wconf 84' lang='lat' dir='ltr'><strong>non</strong></span> <span class='ocrx_word' id='word_1_390' title='bbox 1334 3702 1609 3755; x_wconf 70' lang='lat' dir='ltr'><strong>secundum</strong></span> <span class='ocrx_word' id='word_1_391' title='bbox 1631 3703 1894 3754; x_wconf 76' lang='lat' dir='ltr'><strong>scienz&#39;ium</strong></span> 
     </span>
    </p>
   </div>
   <div class='ocr_carea' id='block_1_56' title="bbox 313 3790 1893 3862">
    <p class='ocr_par' dir='ltr' id='par_1_56' title="bbox 313 3790 1893 3862">
     <span class='ocr_line' id='line_1_56' title="bbox 313 3790 1893 3862; baseline -0.001 -17"><span class='ocrx_word' id='word_1_392' title='bbox 313 3793 498 3862; x_wconf 76' lang='lat' dir='ltr'><strong>(Rom.</strong></span> <span class='ocrx_word' id='word_1_393' title='bbox 526 3808 551 3844; x_wconf 69' lang='grc' dir='ltr'><strong>Χ</strong></span> <span class='ocrx_word' id='word_1_394' title='bbox 571 3792 881 3861; x_wconf 71' lang='lat' dir='ltr'><strong>,2).V0|ens</strong></span> <span class='ocrx_word' id='word_1_395' title='bbox 909 3807 1034 3859; x_wconf 81' lang='lat' dir='ltr'><strong>ergo</strong></span> <span class='ocrx_word' id='word_1_396' title='bbox 1063 3791 1259 3846; x_wconf 76' lang='lat' dir='ltr'><strong>Italec</strong></span> <span class='ocrx_word' id='word_1_397' title='bbox 1289 3793 1457 3844; x_wconf 84' lang='lat' dir='ltr'><strong>zelum</strong></span> <span class='ocrx_word' id='word_1_398' title='bbox 1487 3791 1576 3844; x_wconf 89' lang='lat' dir='ltr'><strong>Dei</strong></span> <span class='ocrx_word' id='word_1_399' title='bbox 1605 3790 1893 3844; x_wconf 80' lang='lat' dir='ltr'><strong>secundum</strong></span> 
     </span>
    </p>
   </div>
   <div class='ocr_carea' id='block_1_57' title="bbox 320 3881 1888 3948">
    <p class='ocr_par' dir='ltr' id='par_1_57' title="bbox 320 3881 1888 3948">
     <span class='ocr_line' id='line_1_57' title="bbox 320 3881 1888 3948; baseline 0.001 -13"><span class='ocrx_word' id='word_1_400' title='bbox 320 3881 621 3945; x_wconf 72' lang='lat' dir='ltr'><strong>st-ientiam,</strong></span> <span class='ocrx_word' id='word_1_401' title='bbox 668 3893 791 3936; x_wconf 86' lang='lat' dir='ltr'><strong>tene</strong></span> <span class='ocrx_word' id='word_1_402' title='bbox 835 3881 1077 3936; x_wconf 89' lang='lat' dir='ltr'><strong>ordinem</strong></span> <span class='ocrx_word' id='word_1_403' title='bbox 1120 3892 1346 3944; x_wconf 82' lang='lat' dir='ltr'><strong>rectum,</strong></span> <span class='ocrx_word' id='word_1_404' title='bbox 1388 3897 1516 3936; x_wconf 62' lang='lat' dir='ltr'><strong>cave</strong></span> <span class='ocrx_word' id='word_1_405' title='bbox 1562 3896 1888 3948; x_wconf 67' lang='lat' dir='ltr'><strong>perversum.</strong></span> 
     </span>
    </p>
   </div>
   <div class='ocr_carea' id='block_1_58' title="bbox 320 3973 1894 4037">
    <p class='ocr_par' dir='ltr' id='par_1_58' title="bbox 320 3973 1894 4037">
     <span class='ocr_line' id='line_1_58' title="bbox 320 3973 1894 4037; baseline -0.002 -10"><span class='ocrx_word' id='word_1_406' title='bbox 320 3974 414 4028; x_wconf 72' lang='lat' dir='ltr'><strong>lict</strong></span> <span class='ocrx_word' id='word_1_407' title='bbox 436 3983 521 4027; x_wconf 86' lang='lat' dir='ltr'><strong>tus</strong></span> <span class='ocrx_word' id='word_1_408' title='bbox 547 3975 681 4028; x_wconf 87' lang='lat' dir='ltr'><strong>ordo</strong></span> <span class='ocrx_word' id='word_1_409' title='bbox 710 3983 790 4029; x_wconf 89' lang='lat' dir='ltr'><strong>est</strong></span> <span class='ocrx_word' id='word_1_410' title='bbox 816 3984 873 4028; x_wconf 82' lang='grc' dir='ltr'><strong>ιιι</strong></span> <span class='ocrx_word' id='word_1_411' title='bbox 909 3974 1214 4029; x_wconf 82' lang='lat' dir='ltr'><strong>sacerdotes</strong></span> <span class='ocrx_word' id='word_1_412' title='bbox 1241 3974 1485 4037; x_wconf 90' lang='lat' dir='ltr'><strong>doceant,</strong></span> <span class='ocrx_word' id='word_1_413' title='bbox 1516 3973 1632 4026; x_wconf 88' lang='lat' dir='ltr'><strong>laici</strong></span> <span class='ocrx_word' id='word_1_414' title='bbox 1663 3973 1795 4027; x_wconf 81' lang='lat' dir='ltr'><strong>doce</strong></span> <span class='ocrx_word' id='word_1_415' title='bbox 1817 3992 1894 4024; x_wconf 78' lang='lat' dir='ltr'><strong>.u-</strong></span> 
     </span>
    </p>
   </div>
   <div class='ocr_carea' id='block_1_59' title="bbox 315 4061 1899 4133">
    <p class='ocr_par' dir='ltr' id='par_1_59' title="bbox 315 4061 1899 4133">
     <span class='ocr_line' id='line_1_59' title="bbox 315 4061 1899 4133; baseline -0.002 -16"><span class='ocrx_word' id='word_1_416' title='bbox 315 4075 438 4129; x_wconf 84' lang='lat' dir='ltr'><strong>tor;</strong></span> <span class='ocrx_word' id='word_1_417' title='bbox 470 4076 524 4119; x_wconf 86' lang='lat' dir='ltr'><strong>et</strong></span> <span class='ocrx_word' id='word_1_418' title='bbox 552 4065 727 4118; x_wconf 89' lang='lat' dir='ltr'><strong>omnis</strong></span> <span class='ocrx_word' id='word_1_419' title='bbox 755 4066 842 4133; x_wconf 92' lang='lat' dir='ltr'><strong>qui</strong></span> <span class='ocrx_word' id='word_1_420' title='bbox 892 4079 952 4119; x_wconf 89' lang='lat' dir='ltr'><strong>se</strong></span> <span class='ocrx_word' id='word_1_421' title='bbox 982 4064 1046 4119; x_wconf 85' lang='lat' dir='ltr'><strong>ad</strong></span> <span class='ocrx_word' id='word_1_422' title='bbox 1090 4063 1380 4118; x_wconf 82' lang='lat' dir='ltr'><strong>Ecclesiam</strong></span> <span class='ocrx_word' id='word_1_423' title='bbox 1411 4063 1676 4131; x_wconf 71' lang='lat' dir='ltr'><strong>pertinere</strong></span> <span class='ocrx_word' id='word_1_424' title='bbox 1704 4061 1899 4130; x_wconf 88' lang='lat' dir='ltr'><strong>gloria—</strong></span> 
     </span>
    </p>
   </div>
   <div class='ocr_carea' id='block_1_60' title="bbox 314 4151 1900 4227">
    <p class='ocr_par' dir='ltr' id='par_1_60' title="bbox 314 4151 1900 4227">
     <span class='ocr_line' id='line_1_60' title="bbox 314 4151 1900 4227; baseline -0.004 -15"><span class='ocrx_word' id='word_1_425' title='bbox 314 4169 427 4224; x_wconf 87' lang='lat' dir='ltr'><strong>tur,</strong></span> <span class='ocrx_word' id='word_1_426' title='bbox 450 4158 654 4227; x_wconf 74' lang='lat' dir='ltr'><strong>legibus</strong></span> <span class='ocrx_word' id='word_1_427' title='bbox 685 4159 826 4212; x_wconf 83' lang='lat' dir='ltr'><strong>vivat</strong></span> <span class='ocrx_word' id='word_1_428' title='bbox 855 4157 1127 4224; x_wconf 57' lang='lat' dir='ltr'><strong>Ecclesiai,</strong></span> <span class='ocrx_word' id='word_1_429' title='bbox 1155 4156 1384 4209; x_wconf 78' lang='lat' dir='ltr'><strong>maxime</strong></span> <span class='ocrx_word' id='word_1_430' title='bbox 1411 4155 1490 4208; x_wconf 82' lang='lat' dir='ltr'><strong>his</strong></span> <span class='ocrx_word' id='word_1_431' title='bbox 1513 4169 1646 4223; x_wconf 91' lang='lat' dir='ltr'><strong>quas</strong></span> <span class='ocrx_word' id='word_1_432' title='bbox 1671 4151 1900 4222; x_wconf 90' lang='lat' dir='ltr'><strong>antiqui-</strong></span> 
     </span>
    </p>
   </div>
   <div class='ocr_carea' id='block_1_61' title="bbox 318 4246 1897 4315">
    <p class='ocr_par' dir='ltr' id='par_1_61' title="bbox 318 4246 1897 4315">
     <span class='ocr_line' id='line_1_61' title="bbox 318 4246 1897 4315; baseline -0.004 -12"><span class='ocrx_word' id='word_1_433' title='bbox 318 4259 404 4303; x_wconf 88' lang='lat' dir='ltr'><strong>tas</strong></span> <span class='ocrx_word' id='word_1_434' title='bbox 431 4249 728 4315; x_wconf 82' lang='lat' dir='ltr'><strong>roboravit;</strong></span> <span class='ocrx_word' id='word_1_435' title='bbox 753 4248 891 4303; x_wconf 88' lang='lat' dir='ltr'><strong>unde</strong></span> <span class='ocrx_word' id='word_1_436' title='bbox 911 4251 1068 4302; x_wconf 78' lang='lat' dir='ltr'><strong>etiam</strong></span> <span class='ocrx_word' id='word_1_437' title='bbox 1096 4246 1425 4302; x_wconf 71' lang='lat' dir='ltr'><strong>consuetudo</strong></span> <span class='ocrx_word' id='word_1_438' title='bbox 1449 4247 1564 4304; x_wconf 88' lang='lat' dir='ltr'><strong>sine</strong></span> <span class='ocrx_word' id='word_1_439' title='bbox 1588 4247 1720 4314; x_wconf 88' lang='lat' dir='ltr'><strong>lege,</strong></span> <span class='ocrx_word' id='word_1_440' title='bbox 1741 4260 1897 4314; x_wconf 86' lang='lat' dir='ltr'><strong>quam</strong></span> 
     </span>
    </p>
   </div>
   <div class='ocr_carea' id='block_1_62' title="bbox 321 4335 1902 4407">
    <p class='ocr_par' dir='ltr' id='par_1_62' title="bbox 321 4335 1902 4407">
     <span class='ocr_line' id='line_1_62' title="bbox 321 4335 1902 4407; baseline -0.002 -14"><span class='ocrx_word' id='word_1_441' title='bbox 321 4351 501 4395; x_wconf 87' lang='lat' dir='ltr'><strong>tamen</strong></span> <span class='ocrx_word' id='word_1_442' title='bbox 531 4340 785 4395; x_wconf 68' lang='lat' dir='ltr'><strong>Ecclesiae</strong></span> <span class='ocrx_word' id='word_1_443' title='bbox 813 4350 1012 4395; x_wconf 69' lang='lat' dir='ltr'><strong>sancta:</strong></span> <span class='ocrx_word' id='word_1_444' title='bbox 1042 4339 1255 4393; x_wconf 88' lang='lat' dir='ltr'><strong>traditio</strong></span> <span class='ocrx_word' id='word_1_445' title='bbox 1283 4337 1679 4392; x_wconf 79' lang='lat' dir='ltr'><strong>custodiendam</strong></span> <span class='ocrx_word' id='word_1_446' title='bbox 1701 4335 1902 4407; x_wconf 88' lang='lat' dir='ltr'><strong>jugitcr</strong></span> 
     </span>
    </p>
   </div>
   <div class='ocr_carea' id='block_1_63' title="bbox 317 4427 1899 4496">
    <p class='ocr_par' dir='ltr' id='par_1_63' title="bbox 317 4427 1899 4496">
     <span class='ocr_line' id='line_1_63' title="bbox 317 4427 1899 4496; baseline -0.003 -13"><span class='ocrx_word' id='word_1_447' title='bbox 317 4429 552 4496; x_wconf 84' lang='lat' dir='ltr'><strong>posteris</strong></span> <span class='ocrx_word' id='word_1_448' title='bbox 603 4428 848 4494; x_wconf 88' lang='lat' dir='ltr'><strong>tradidit,</strong></span> <span class='ocrx_word' id='word_1_449' title='bbox 883 4428 1070 4483; x_wconf 88' lang='lat' dir='ltr'><strong>eadem</strong></span> <span class='ocrx_word' id='word_1_450' title='bbox 1122 4445 1226 4482; x_wconf 81' lang='lat' dir='ltr'><strong>rev.</strong></span> <span class='ocrx_word' id='word_1_451' title='bbox 1248 4428 1418 4482; x_wconf 74' lang='lat' dir='ltr'><strong>rentia</strong></span> <span class='ocrx_word' id='word_1_452' title='bbox 1461 4427 1670 4482; x_wconf 74' lang='lat' dir='ltr'><strong>videtur</strong></span> <span class='ocrx_word' id='word_1_453' title='bbox 1715 4435 1899 4480; x_wconf 84' lang='lat' dir='ltr'><strong>custo-</strong></span> 
     </span>
    </p>
   </div>
   <div class='ocr_carea' id='block_1_64' title="bbox 1994 1875 3576 1945">
    <p class='ocr_par' dir='ltr' id='par_1_64' title="bbox 1994 1875 3576 1945">
     <span class='ocr_line' id='line_1_64' title="bbox 1994 1875 3576 1945; baseline -0.001 -15"><span class='ocrx_word' id='word_1_454' title='bbox 1994 1890 2329 1945; x_wconf 78' lang='lat' dir='ltr'><strong>uuaquchue</strong></span> <span class='ocrx_word' id='word_1_455' title='bbox 2356 1875 2595 1931; x_wconf 84' lang='lat' dir='ltr'><strong>Ecclesia</strong></span> <span class='ocrx_word' id='word_1_456' title='bbox 2623 1875 3066 1931; x_wconf 89' lang='lat' dir='ltr'><strong>consuetudinem</strong></span> <span class='ocrx_word' id='word_1_457' title='bbox 3101 1891 3246 1929; x_wconf 86' lang='lat' dir='ltr'><strong>suam</strong></span> <span class='ocrx_word' id='word_1_458' title='bbox 3278 1885 3532 1944; x_wconf 82' lang='lat' dir='ltr'><strong>sequatur</strong></span> <span class='ocrx_word' id='word_1_459' title='bbox 3565 1893 3576 1928; x_wconf 95' lang='lat'>:</span> 
     </span>
    </p>
   </div>
   <div class='ocr_carea' id='block_1_65' title="bbox 1989 1964 3579 2034">
    <p class='ocr_par' dir='ltr' id='par_1_65' title="bbox 1989 1964 3579 2034">
     <span class='ocr_line' id='line_1_65' title="bbox 1989 1964 3579 2034; baseline -0.003 -12"><span class='ocrx_word' id='word_1_460' title='bbox 1989 1975 2043 2022; x_wconf 83' lang='lat' dir='ltr'><strong>et</strong></span> <span class='ocrx_word' id='word_1_461' title='bbox 2091 1973 2146 2019; x_wconf 90' lang='lat' dir='ltr'><strong>tu</strong></span> <span class='ocrx_word' id='word_1_462' title='bbox 2192 1965 2332 2020; x_wconf 93' lang='lat' dir='ltr'><strong>illius</strong></span> <span class='ocrx_word' id='word_1_463' title='bbox 2379 1965 2779 2019; x_wconf 78' lang='lat' dir='ltr'><strong>consuetudinis</strong></span> <span class='ocrx_word' id='word_1_464' title='bbox 2821 1965 3085 2034; x_wconf 82' lang='lat' dir='ltr'><strong>particeps</strong></span> <span class='ocrx_word' id='word_1_465' title='bbox 3131 1964 3381 2020; x_wconf 87' lang='lat' dir='ltr'><strong>efﬁciaris</strong></span> <span class='ocrx_word' id='word_1_466' title='bbox 3422 1981 3579 2034; x_wconf 84' lang='lat' dir='ltr'><strong>quam</strong></span> 
     </span>
    </p>
   </div>
   <div class='ocr_carea' id='block_1_66' title="bbox 1997 2054 3584 2124">
    <p class='ocr_par' dir='ltr' id='par_1_66' title="bbox 1997 2054 3584 2124">
     <span class='ocr_line' id='line_1_66' title="bbox 1997 2054 3584 2124; baseline -0.003 -12"><span class='ocrx_word' id='word_1_467' title='bbox 1997 2066 2138 2112; x_wconf 90' lang='lat' dir='ltr'><strong>tenet</strong></span> <span class='ocrx_word' id='word_1_468' title='bbox 2173 2056 2408 2110; x_wconf 82' lang='lat' dir='ltr'><strong>Ecclesia</strong></span> <span class='ocrx_word' id='word_1_469' title='bbox 2457 2054 2543 2108; x_wconf 89' lang='lat' dir='ltr'><strong>ubi</strong></span> <span class='ocrx_word' id='word_1_470' title='bbox 2584 2070 2684 2124; x_wconf 91' lang='lat' dir='ltr'><strong>pro</strong></span> <span class='ocrx_word' id='word_1_471' title='bbox 2715 2065 2955 2123; x_wconf 89' lang='lat' dir='ltr'><strong>tempore</strong></span> <span class='ocrx_word' id='word_1_472' title='bbox 2987 2055 3068 2108; x_wconf 75' lang='lat' dir='ltr'><strong>vel</strong></span> <span class='ocrx_word' id='word_1_473' title='bbox 3101 2055 3584 2120; x_wconf 74' lang='lat' dir='ltr'><strong>administrationis</strong></span> 
     </span>
    </p>
   </div>
   <div class='ocr_carea' id='block_1_67' title="bbox 1995 2143 3579 2214">
    <p class='ocr_par' dir='ltr' id='par_1_67' title="bbox 1995 2143 3579 2214">
     <span class='ocr_line' id='line_1_67' title="bbox 1995 2143 3579 2214; baseline -0.003 -13"><span class='ocrx_word' id='word_1_474' title='bbox 1995 2146 2312 2201; x_wconf 85' lang='lat' dir='ltr'><strong>necessitate</strong></span> <span class='ocrx_word' id='word_1_475' title='bbox 2341 2143 2503 2198; x_wconf 77' lang='lat' dir='ltr'><strong>fueris</strong></span> <span class='ocrx_word' id='word_1_476' title='bbox 2530 2153 2894 2198; x_wconf 83' lang='lat' dir='ltr'><strong>conversatus.</strong></span> <span class='ocrx_word' id='word_1_477' title='bbox 2929 2143 3176 2213; x_wconf 80' lang='lat' dir='ltr'><strong>Alioquin</strong></span> <span class='ocrx_word' id='word_1_478' title='bbox 3207 2144 3427 2214; x_wconf 75' lang='lat' dir='ltr'><strong>diligere</strong></span> <span class='ocrx_word' id='word_1_479' title='bbox 3454 2145 3579 2198; x_wconf 89' lang='lat' dir='ltr'><strong>soli-</strong></span> 
     </span>
    </p>
   </div>
   <div class='ocr_carea' id='block_1_68' title="bbox 1994 2236 3578 2306">
    <p class='ocr_par' dir='ltr' id='par_1_68' title="bbox 1994 2236 3578 2306">
     <span class='ocr_line' id='line_1_68' title="bbox 1994 2236 3578 2306; baseline 0.001 -16"><span class='ocrx_word' id='word_1_480' title='bbox 1994 2245 2066 2304; x_wconf 91' lang='lat' dir='ltr'><strong>ta,</strong></span> <span class='ocrx_word' id='word_1_481' title='bbox 2090 2250 2140 2292; x_wconf 90' lang='lat' dir='ltr'><strong>et</strong></span> <span class='ocrx_word' id='word_1_482' title='bbox 2169 2238 2390 2293; x_wconf 83' lang='lat' dir='ltr'><strong>horrere</strong></span> <span class='ocrx_word' id='word_1_483' title='bbox 2414 2237 2762 2293; x_wconf 85' lang='lat' dir='ltr'><strong>vehementer</strong></span> <span class='ocrx_word' id='word_1_484' title='bbox 2793 2236 3025 2301; x_wconf 65' lang='lat' dir='ltr'><strong>in~olita,</strong></span> <span class='ocrx_word' id='word_1_485' title='bbox 3052 2237 3213 2292; x_wconf 88' lang='lat' dir='ltr'><strong>nimia</strong></span> <span class='ocrx_word' id='word_1_486' title='bbox 3241 2248 3326 2293; x_wconf 90' lang='lat' dir='ltr'><strong>est</strong></span> <span class='ocrx_word' id='word_1_487' title='bbox 3345 2237 3578 2306; x_wconf 68' lang='lat' dir='ltr'><strong>iustitia,</strong></span> 
     </span>
    </p>
   </div>
   <div class='ocr_carea' id='block_1_69' title="bbox 1993 2328 3581 2400">
    <p class='ocr_par' dir='ltr' id='par_1_69' title="bbox 1993 2328 3581 2400">
     <span class='ocr_line' id='line_1_69' title="bbox 1993 2328 3581 2400; baseline 0 -16"><span class='ocrx_word' id='word_1_488' title='bbox 1993 2346 2099 2384; x_wconf 87' lang='lat' dir='ltr'><strong>non</strong></span> <span class='ocrx_word' id='word_1_489' title='bbox 2153 2331 2328 2396; x_wconf 88' lang='lat' dir='ltr'><strong>laude,</strong></span> <span class='ocrx_word' id='word_1_490' title='bbox 2361 2332 2455 2383; x_wconf 87' lang='lat' dir='ltr'><strong>sed</strong></span> <span class='ocrx_word' id='word_1_491' title='bbox 2495 2329 2916 2398; x_wconf 81' lang='lat' dir='ltr'><strong>reprehensione</strong></span> <span class='ocrx_word' id='word_1_492' title='bbox 2959 2328 3296 2399; x_wconf 82' lang='lat' dir='ltr'><strong>dignissima,</strong></span> <span class='ocrx_word' id='word_1_493' title='bbox 3323 2329 3370 2384; x_wconf 85' lang='lat' dir='ltr'><strong>si</strong></span> <span class='ocrx_word' id='word_1_494' title='bbox 3409 2330 3581 2400; x_wconf 73' lang='lat' dir='ltr'><strong>placet</strong></span> 
     </span>
    </p>
   </div>
   <div class='ocr_carea' id='block_1_70' title="bbox 1995 2418 3581 2492">
    <p class='ocr_par' dir='ltr' id='par_1_70' title="bbox 1995 2418 3581 2492">
     <span class='ocr_line' id='line_1_70' title="bbox 1995 2418 3581 2492; baseline 0.002 -18"><span class='ocrx_word' id='word_1_495' title='bbox 1995 2420 2381 2488; x_wconf 85' lang='lat' dir='ltr'><strong>sapientissimi</strong></span> <span class='ocrx_word' id='word_1_496' title='bbox 2426 2420 2691 2474; x_wconf 83' lang='lat' dir='ltr'><strong>sententia</strong></span> <span class='ocrx_word' id='word_1_497' title='bbox 2722 2418 3025 2475; x_wconf 89' lang='lat' dir='ltr'><strong>Salomonis</strong></span> <span class='ocrx_word' id='word_1_498' title='bbox 3055 2438 3068 2473; x_wconf 90' lang='lat'><strong>:</strong></span> <span class='ocrx_word' id='word_1_499' title='bbox 3105 2418 3232 2474; x_wconf 84' lang='lat' dir='ltr'><strong>Noli</strong></span> <span class='ocrx_word' id='word_1_500' title='bbox 3268 2437 3377 2475; x_wconf 74' lang='lat' dir='ltr'><strong>esse</strong></span> <span class='ocrx_word' id='word_1_501' title='bbox 3407 2423 3581 2492; x_wconf 72' lang='lat' dir='ltr'><strong>justus</strong></span> 
     </span>
    </p>
   </div>
   <div class='ocr_carea' id='block_1_71' title="bbox 1994 2509 3576 2579">
    <p class='ocr_par' dir='ltr' id='par_1_71' title="bbox 1994 2509 3576 2579">
     <span class='ocr_line' id='line_1_71' title="bbox 1994 2509 3576 2579; baseline 0.001 -19"><span class='ocrx_word' id='word_1_502' title='bbox 1994 2510 2206 2562; x_wconf 73' lang='lat' dir='ltr'><strong>multum</strong></span> <span class='ocrx_word' id='word_1_503' title='bbox 2220 2526 2238 2573; x_wconf 90' lang='lat'><strong>;</strong></span> <span class='ocrx_word' id='word_1_504' title='bbox 2272 2525 2429 2579; x_wconf 82' lang='lat' dir='ltr'><strong>neque</strong></span> <span class='ocrx_word' id='word_1_505' title='bbox 2449 2509 2621 2578; x_wconf 76' lang='lat' dir='ltr'><strong>sapias</strong></span> <span class='ocrx_word' id='word_1_506' title='bbox 2648 2510 2764 2577; x_wconf 81' lang='lat' dir='ltr'><strong>plus</strong></span> <span class='ocrx_word' id='word_1_507' title='bbox 2787 2526 2937 2574; x_wconf 80' lang='lat' dir='ltr'><strong>quant</strong></span> <span class='ocrx_word' id='word_1_508' title='bbox 2961 2526 3160 2564; x_wconf 65' lang='lat' dir='ltr'><strong>necesse</strong></span> <span class='ocrx_word' id='word_1_509' title='bbox 3180 2519 3252 2564; x_wconf 79' lang='lat' dir='ltr'><strong>est</strong></span> <span class='ocrx_word' id='word_1_510' title='bbox 3270 2551 3286 2578; x_wconf 89' lang='lat'><strong>,</strong></span> <span class='ocrx_word' id='word_1_511' title='bbox 3316 2527 3380 2565; x_wconf 83' lang='lat' dir='ltr'><strong>ne</strong></span> <span class='ocrx_word' id='word_1_512' title='bbox 3401 2511 3576 2565; x_wconf 70' lang='lat' dir='ltr'><strong>obsta--</strong></span> 
     </span>
    </p>
   </div>
   <div class='ocr_carea' id='block_1_72' title="bbox 1993 2601 3577 2673">
    <p class='ocr_par' dir='ltr' id='par_1_72' title="bbox 1993 2601 3577 2673">
     <span class='ocr_line' id='line_1_72' title="bbox 1993 2601 3577 2673; baseline 0.003 -19"><span class='ocrx_word' id='word_1_513' title='bbox 1993 2617 2168 2670; x_wconf 72' lang='lat' dir='ltr'><strong>pereas</strong></span> <span class='ocrx_word' id='word_1_514' title='bbox 2202 2601 2400 2672; x_wconf 69' lang='lat' dir='ltr'><strong>(Hrcle.</strong></span> <span class='ocrx_word' id='word_1_515' title='bbox 2425 2616 2518 2666; x_wconf 80' lang='lat' dir='ltr'><strong>ut,</strong></span> <span class='ocrx_word' id='word_1_516' title='bbox 2547 2602 2654 2670; x_wconf 82' lang='lat' dir='ltr'><strong>l7).</strong></span> <span class='ocrx_word' id='word_1_517' title='bbox 2682 2601 2816 2666; x_wconf 83' lang='lat' dir='ltr'><strong>Quid</strong></span> <span class='ocrx_word' id='word_1_518' title='bbox 2849 2610 2961 2667; x_wconf 86' lang='lat' dir='ltr'><strong>est,</strong></span> <span class='ocrx_word' id='word_1_519' title='bbox 2992 2617 3056 2656; x_wconf 90' lang='lat' dir='ltr'><strong>ne</strong></span> <span class='ocrx_word' id='word_1_520' title='bbox 3086 2603 3470 2673; x_wconf 89' lang='lat' dir='ltr'><strong>obstupescas?</strong></span> <span class='ocrx_word' id='word_1_521' title='bbox 3503 2605 3577 2659; x_wconf 79' lang='lat' dir='ltr'><strong>Ne</strong></span> 
     </span>
    </p>
   </div>
   <div class='ocr_carea' id='block_1_73' title="bbox 1994 2690 3577 2763">
    <p class='ocr_par' dir='ltr' id='par_1_73' title="bbox 1994 2690 3577 2763">
     <span class='ocr_line' id='line_1_73' title="bbox 1994 2690 3577 2763; baseline 0.001 -17"><span class='ocrx_word' id='word_1_522' title='bbox 1994 2706 2270 2746; x_wconf 86' lang='lat' dir='ltr'><strong>remaneas</strong></span> <span class='ocrx_word' id='word_1_523' title='bbox 2299 2691 2543 2762; x_wconf 82' lang='lat' dir='ltr'><strong>frigidus.</strong></span> <span class='ocrx_word' id='word_1_524' title='bbox 2572 2691 2700 2758; x_wconf 82' lang='lat' dir='ltr'><strong>Quis</strong></span> <span class='ocrx_word' id='word_1_525' title='bbox 2729 2701 2970 2746; x_wconf 88' lang='lat' dir='ltr'><strong>remanet</strong></span> <span class='ocrx_word' id='word_1_526' title='bbox 2996 2690 3250 2763; x_wconf 88' lang='lat' dir='ltr'><strong>frigidus?</strong></span> <span class='ocrx_word' id='word_1_527' title='bbox 3281 2693 3378 2748; x_wconf 88' lang='lat' dir='ltr'><strong>Cui</strong></span> <span class='ocrx_word' id='word_1_528' title='bbox 3405 2693 3577 2748; x_wconf 69' lang='lat' dir='ltr'><strong>fervor</strong></span> 
     </span>
    </p>
   </div>
   <div class='ocr_carea' id='block_1_74' title="bbox 1994 2781 3575 2852">
    <p class='ocr_par' dir='ltr' id='par_1_74' title="bbox 1994 2781 3575 2852">
     <span class='ocr_line' id='line_1_74' title="bbox 1994 2781 3575 2852; baseline -0.003 -14"><span class='ocrx_word' id='word_1_529' title='bbox 1994 2783 2326 2838; x_wconf 61' lang='lat' dir='ltr'><strong>subtrahitur</strong></span> <span class='ocrx_word' id='word_1_530' title='bbox 2352 2782 2646 2836; x_wconf 83' lang='lat' dir='ltr'><strong>charitatis.</strong></span> <span class='ocrx_word' id='word_1_531' title='bbox 2675 2781 2789 2836; x_wconf 82' lang='lat' dir='ltr'><strong>Noli</strong></span> <span class='ocrx_word' id='word_1_532' title='bbox 2825 2797 2951 2852; x_wconf 87' lang='lat' dir='ltr'><strong>ergo</strong></span> <span class='ocrx_word' id='word_1_533' title='bbox 2981 2797 3104 2836; x_wconf 74' lang='lat' dir='ltr'><strong>esse</strong></span> <span class='ocrx_word' id='word_1_534' title='bbox 3134 2782 3353 2836; x_wconf 88' lang='lat' dir='ltr'><strong>tnultum</strong></span> <span class='ocrx_word' id='word_1_535' title='bbox 3383 2784 3575 2851; x_wconf 75' lang='lat' dir='ltr'><strong>justus.</strong></span> 
     </span>
    </p>
   </div>
   <div class='ocr_carea' id='block_1_75' title="bbox 2249 2933 3309 2997">
    <p class='ocr_par' dir='ltr' id='par_1_75' title="bbox 2249 2933 3309 2997">
     <span class='ocr_line' id='line_1_75' title="bbox 2249 2933 3309 2997; baseline -0.003 -10"><span class='ocrx_word' id='word_1_536' title='bbox 2249 2938 2409 2987; x_wconf 66' lang='lat' dir='ltr'><strong>SEXTA</strong></span> <span class='ocrx_word' id='word_1_537' title='bbox 2431 2951 2569 2986; x_wconf 71' lang='lat' dir='ltr'><strong>tinctu</strong></span> <span class='ocrx_word' id='word_1_538' title='bbox 2585 2951 2634 2986; x_wconf 74' lang='grc' dir='ltr'><strong>Α.</strong></span> <span class='ocrx_word' id='word_1_539' title='bbox 2656 2934 2772 2986; x_wconf 81' lang='lat' dir='ltr'><strong>Noli</strong></span> <span class='ocrx_word' id='word_1_540' title='bbox 2795 2947 2897 2986; x_wconf 85' lang='lat' dir='ltr'><strong>esse</strong></span> <span class='ocrx_word' id='word_1_541' title='bbox 2919 2936 3119 2984; x_wconf 69' lang='lat' dir='ltr'><strong>multum</strong></span> <span class='ocrx_word' id='word_1_542' title='bbox 3143 2933 3309 2997; x_wconf 78' lang='lat' dir='ltr'><strong>iustus.</strong></span> 
     </span>
    </p>
   </div>
   <div class='ocr_carea' id='block_1_76' title="bbox 2066 3064 3546 3136">
    <p class='ocr_par' dir='ltr' id='par_1_76' title="bbox 2066 3064 3546 3136">
     <span class='ocr_line' id='line_1_76' title="bbox 2066 3064 3546 3136; baseline -0.003 -17"><span class='ocrx_word' id='word_1_543' title='bbox 2066 3068 2154 3123; x_wconf 75' lang='lat'><strong>13.</strong></span> <span class='ocrx_word' id='word_1_544' title='bbox 2188 3067 2255 3120; x_wconf 84' lang='lat' dir='ltr'><strong>Et</strong></span> <span class='ocrx_word' id='word_1_545' title='bbox 2285 3066 2396 3120; x_wconf 74' lang='lat' dir='ltr'><strong>lucc</strong></span> <span class='ocrx_word' id='word_1_546' title='bbox 2427 3065 2518 3120; x_wconf 89' lang='lat' dir='ltr'><strong>tibi</strong></span> <span class='ocrx_word' id='word_1_547' title='bbox 2546 3074 2693 3136; x_wconf 82' lang='lat' dir='ltr'><strong>sexta</strong></span> <span class='ocrx_word' id='word_1_548' title='bbox 2724 3064 2790 3118; x_wconf 89' lang='lat' dir='ltr'><strong>sit</strong></span> <span class='ocrx_word' id='word_1_549' title='bbox 2822 3064 3135 3118; x_wconf 70' lang='lat' dir='ltr'><strong>innocentiae</strong></span> <span class='ocrx_word' id='word_1_550' title='bbox 3175 3065 3383 3132; x_wconf 87' lang='lat' dir='ltr'><strong>regula,</strong></span> <span class='ocrx_word' id='word_1_551' title='bbox 3435 3066 3546 3117; x_wconf 82' lang='lat' dir='ltr'><strong>lltlil</strong></span> 
     </span>
    </p>
   </div>
   <div class='ocr_carea' id='block_1_77' title="bbox 1921 3129 3580 3224">
    <p class='ocr_par' dir='ltr' id='par_1_77' title="bbox 1921 3129 3580 3224">
     <span class='ocr_line' id='line_1_77' title="bbox 1921 3129 3580 3224; baseline -0.004 -10"><span class='ocrx_word' id='word_1_552' title='bbox 1921 3129 1966 3192; x_wconf 79' lang='lat' dir='ltr'><strong>C</strong></span> <span class='ocrx_word' id='word_1_553' title='bbox 1999 3160 2198 3214; x_wconf 88' lang='lat' dir='ltr'><strong>laribus</strong></span> <span class='ocrx_word' id='word_1_554' title='bbox 2245 3157 2452 3212; x_wconf 88' lang='lat' dir='ltr'><strong>actibus</strong></span> <span class='ocrx_word' id='word_1_555' title='bbox 2500 3166 2778 3224; x_wconf 84' lang='lat' dir='ltr'><strong>occupato.</strong></span> <span class='ocrx_word' id='word_1_556' title='bbox 2825 3155 3090 3224; x_wconf 87' lang='lat' dir='ltr'><strong>Quidquid</strong></span> <span class='ocrx_word' id='word_1_557' title='bbox 3141 3156 3282 3208; x_wconf 87' lang='lat' dir='ltr'><strong>enim</strong></span> <span class='ocrx_word' id='word_1_558' title='bbox 3332 3155 3534 3208; x_wconf 71' lang='lat' dir='ltr'><strong>dixeris</strong></span> <span class='ocrx_word' id='word_1_559' title='bbox 3563 3197 3580 3219; x_wconf 87' lang='lat'><strong>,</strong></span> 
     </span>
    </p>
   </div>
   <div class='ocr_carea' id='block_1_78' title="bbox 1993 3245 3580 3320">
    <p class='ocr_par' dir='ltr' id='par_1_78' title="bbox 1993 3245 3580 3320">
     <span class='ocr_line' id='line_1_78' title="bbox 1993 3245 3580 3320; baseline -0.003 -15"><span class='ocrx_word' id='word_1_560' title='bbox 1993 3250 2243 3320; x_wconf 75' lang='lat' dir='ltr'><strong>gesseris,</strong></span> <span class='ocrx_word' id='word_1_561' title='bbox 2265 3247 2610 3316; x_wconf 75' lang='lat' dir='ltr'><strong>diSllOSllel&#39;lS,</strong></span> <span class='ocrx_word' id='word_1_562' title='bbox 2639 3255 2696 3299; x_wconf 89' lang='lat' dir='ltr'><strong>ut</strong></span> <span class='ocrx_word' id='word_1_563' title='bbox 2726 3246 2833 3299; x_wconf 90' lang='lat' dir='ltr'><strong>Deo</strong></span> <span class='ocrx_word' id='word_1_564' title='bbox 2861 3255 2914 3299; x_wconf 89' lang='lat' dir='ltr'><strong>et</strong></span> <span class='ocrx_word' id='word_1_565' title='bbox 2948 3245 3251 3298; x_wconf 80' lang='lat' dir='ltr'><strong>hominibus</strong></span> <span class='ocrx_word' id='word_1_566' title='bbox 3281 3247 3508 3313; x_wconf 86' lang='lat' dir='ltr'><strong>placeas,</strong></span> <span class='ocrx_word' id='word_1_567' title='bbox 3529 3255 3580 3301; x_wconf 88' lang='lat' dir='ltr'><strong>et</strong></span> 
     </span>
    </p>
   </div>
   <div class='ocr_carea' id='block_1_79' title="bbox 1995 3335 3577 3407">
    <p class='ocr_par' dir='ltr' id='par_1_79' title="bbox 1995 3335 3577 3407">
     <span class='ocr_line' id='line_1_79' title="bbox 1995 3335 3577 3407; baseline -0.003 -10"><span class='ocrx_word' id='word_1_568' title='bbox 1995 3341 2209 3397; x_wconf 89' lang='lat' dir='ltr'><strong>fervore</strong></span> <span class='ocrx_word' id='word_1_569' title='bbox 2234 3339 2516 3394; x_wconf 88' lang='lat' dir='ltr'><strong>eharitatis</strong></span> <span class='ocrx_word' id='word_1_570' title='bbox 2547 3335 2866 3392; x_wconf 70' lang='lat' dir='ltr'><strong>mirabiliter</strong></span> <span class='ocrx_word' id='word_1_571' title='bbox 2891 3337 3182 3406; x_wconf 82' lang='lat' dir='ltr'><strong>iniquitatis</strong></span> <span class='ocrx_word' id='word_1_572' title='bbox 3204 3336 3372 3407; x_wconf 79' lang='lat' dir='ltr'><strong>frigus</strong></span> <span class='ocrx_word' id='word_1_573' title='bbox 3402 3338 3577 3392; x_wconf 76' lang='lat' dir='ltr'><strong>exclu-</strong></span> 
     </span>
    </p>
   </div>
   <div class='ocr_carea' id='block_1_80' title="bbox 1997 3427 3582 3496">
    <p class='ocr_par' dir='ltr' id='par_1_80' title="bbox 1997 3427 3582 3496">
     <span class='ocr_line' id='line_1_80' title="bbox 1997 3427 3582 3496; baseline -0.002 -12"><span class='ocrx_word' id='word_1_574' title='bbox 1997 3432 2119 3496; x_wconf 90' lang='lat' dir='ltr'><strong>das,</strong></span> <span class='ocrx_word' id='word_1_575' title='bbox 2163 3430 2269 3484; x_wconf 89' lang='lat' dir='ltr'><strong>noli</strong></span> <span class='ocrx_word' id='word_1_576' title='bbox 2319 3443 2438 3484; x_wconf 85' lang='lat' dir='ltr'><strong>esse</strong></span> <span class='ocrx_word' id='word_1_577' title='bbox 2484 3427 2708 3482; x_wconf 89' lang='lat' dir='ltr'><strong>multum</strong></span> <span class='ocrx_word' id='word_1_578' title='bbox 2749 3427 2956 3496; x_wconf 86' lang='lat' dir='ltr'><strong>justus.</strong></span> <span class='ocrx_word' id='word_1_579' title='bbox 2999 3442 3170 3496; x_wconf 90' lang='lat' dir='ltr'><strong>neque</strong></span> <span class='ocrx_word' id='word_1_580' title='bbox 3211 3428 3424 3492; x_wconf 76' lang='lat' dir='ltr'><strong>sapiens</strong></span> <span class='ocrx_word' id='word_1_581' title='bbox 3469 3429 3582 3496; x_wconf 88' lang='lat' dir='ltr'><strong>plus</strong></span> 
     </span>
    </p>
   </div>
   <div class='ocr_carea' id='block_1_81' title="bbox 1995 3517 3583 3592">
    <p class='ocr_par' dir='ltr' id='par_1_81' title="bbox 1995 3517 3583 3592">
     <span class='ocr_line' id='line_1_81' title="bbox 1995 3517 3583 3592; baseline -0.003 -15"><span class='ocrx_word' id='word_1_582' title='bbox 1995 3538 2152 3592; x_wconf 87' lang='lat' dir='ltr'><strong>quam</strong></span> <span class='ocrx_word' id='word_1_583' title='bbox 2184 3535 2404 3575; x_wconf 88' lang='lat' dir='ltr'><strong>necesse</strong></span> <span class='ocrx_word' id='word_1_584' title='bbox 2444 3527 2544 3574; x_wconf 88' lang='lat' dir='ltr'><strong>est.</strong></span> <span class='ocrx_word' id='word_1_585' title='bbox 2572 3518 2795 3574; x_wconf 89' lang='lat' dir='ltr'><strong>lneurrit</strong></span> <span class='ocrx_word' id='word_1_586' title='bbox 2823 3517 3085 3586; x_wconf 86' lang='lat' dir='ltr'><strong>quispiam</strong></span> <span class='ocrx_word' id='word_1_587' title='bbox 3125 3518 3425 3588; x_wconf 78' lang='lat' dir='ltr'><strong>gravissimi</strong></span> <span class='ocrx_word' id='word_1_588' title='bbox 3458 3518 3583 3572; x_wconf 86' lang='lat' dir='ltr'><strong>laci-</strong></span> 
     </span>
    </p>
   </div>
   <div class='ocr_carea' id='block_1_82' title="bbox 1998 3609 3579 3680">
    <p class='ocr_par' dir='ltr' id='par_1_82' title="bbox 1998 3609 3579 3680">
     <span class='ocr_line' id='line_1_82' title="bbox 1998 3609 3579 3680; baseline -0.005 -12"><span class='ocrx_word' id='word_1_589' title='bbox 1998 3613 2141 3669; x_wconf 89' lang='lat' dir='ltr'><strong>noris</strong></span> <span class='ocrx_word' id='word_1_590' title='bbox 2169 3614 2399 3680; x_wconf 90' lang='lat' dir='ltr'><strong>culpam,</strong></span> <span class='ocrx_word' id='word_1_591' title='bbox 2431 3619 2661 3664; x_wconf 88' lang='lat' dir='ltr'><strong>meretur</strong></span> <span class='ocrx_word' id='word_1_592' title='bbox 2689 3609 2997 3678; x_wconf 87' lang='lat' dir='ltr'><strong>judicialem</strong></span> <span class='ocrx_word' id='word_1_593' title='bbox 3027 3610 3225 3665; x_wconf 89' lang='lat' dir='ltr'><strong>sentire</strong></span> <span class='ocrx_word' id='word_1_594' title='bbox 3256 3627 3531 3664; x_wconf 71' lang='lat' dir='ltr'><strong>censuram</strong></span> <span class='ocrx_word' id='word_1_595' title='bbox 3557 3613 3579 3660; x_wconf 64' lang='grc' dir='ltr'><em>ἲ</em></span> 
     </span>
    </p>
   </div>
   <div class='ocr_carea' id='block_1_83' title="bbox 2001 3685 3579 3774">
    <p class='ocr_par' dir='ltr' id='par_1_83' title="bbox 2001 3685 3579 3774">
     <span class='ocr_line' id='line_1_83' title="bbox 2001 3685 3579 3774; baseline -0.002 -14"><span class='ocrx_word' id='word_1_596' title='bbox 2001 3716 2256 3774; x_wconf 84' lang='lat' dir='ltr'><strong>tempera,</strong></span> <span class='ocrx_word' id='word_1_597' title='bbox 2289 3704 2393 3757; x_wconf 68' lang='lat' dir='ltr'><strong>dux</strong></span> <span class='ocrx_word' id='word_1_598' title='bbox 2429 3704 2648 3770; x_wconf 88' lang='lat' dir='ltr'><strong>optime,</strong></span> <span class='ocrx_word' id='word_1_599' title='bbox 2693 3701 2946 3770; x_wconf 89' lang='lat' dir='ltr'><strong>impetum</strong></span> <span class='ocrx_word' id='word_1_600' title='bbox 2996 3685 3328 3768; x_wconf 85' lang='lat' dir='ltr'><strong>severitatis;</strong></span> <span class='ocrx_word' id='word_1_601' title='bbox 3375 3713 3428 3756; x_wconf 84' lang='lat' dir='ltr'><strong>et</strong></span> <span class='ocrx_word' id='word_1_602' title='bbox 3457 3703 3579 3757; x_wconf 85' lang='lat' dir='ltr'><strong>dum</strong></span> 
     </span>
    </p>
   </div>
   <div class='ocr_carea' id='block_1_84' title="bbox 1998 3792 3580 3866">
    <p class='ocr_par' dir='ltr' id='par_1_84' title="bbox 1998 3792 3580 3866">
     <span class='ocr_line' id='line_1_84' title="bbox 1998 3792 3580 3866; baseline -0.004 -13"><span class='ocrx_word' id='word_1_603' title='bbox 1998 3814 2091 3853; x_wconf 89' lang='lat' dir='ltr'><strong>reo</strong></span> <span class='ocrx_word' id='word_1_604' title='bbox 2133 3795 2392 3866; x_wconf 84' lang='lat' dir='ltr'><strong>supplicia</strong></span> <span class='ocrx_word' id='word_1_605' title='bbox 2425 3792 2746 3858; x_wconf 82' lang='lat' dir='ltr'><strong>inferuntur,</strong></span> <span class='ocrx_word' id='word_1_606' title='bbox 2787 3792 3130 3847; x_wconf 88' lang='lat' dir='ltr'><strong>interioribus</strong></span> <span class='ocrx_word' id='word_1_607' title='bbox 3161 3793 3377 3846; x_wconf 88' lang='lat' dir='ltr'><strong>auribus</strong></span> <span class='ocrx_word' id='word_1_608' title='bbox 3411 3795 3580 3862; x_wconf 89' lang='lat' dir='ltr'><strong>pictas</strong></span> 
     </span>
    </p>
   </div>
   <div class='ocr_carea' id='block_1_85' title="bbox 1955 3882 3583 3954">
    <p class='ocr_par' dir='ltr' id='par_1_85' title="bbox 1955 3882 3583 3954">
     <span class='ocr_line' id='line_1_85' title="bbox 1955 3882 3583 3954; baseline -0.004 -11"><span class='ocrx_word' id='word_1_609' title='bbox 1955 3929 1960 3934; x_wconf 89' lang='grc'><strong>-</strong></span> <span class='ocrx_word' id='word_1_610' title='bbox 1998 3889 2142 3943; x_wconf 89' lang='lat' dir='ltr'><strong>dicat</strong></span> <span class='ocrx_word' id='word_1_611' title='bbox 2167 3903 2181 3941; x_wconf 72' lang='grc' dir='ltr'>ε</span> <span class='ocrx_word' id='word_1_612' title='bbox 2216 3885 2341 3939; x_wconf 76' lang='lat' dir='ltr'><strong>No’i</strong></span> <span class='ocrx_word' id='word_1_613' title='bbox 2366 3902 2470 3939; x_wconf 78' lang='lat' dir='ltr'><strong>esse</strong></span> <span class='ocrx_word' id='word_1_614' title='bbox 2490 3885 2705 3937; x_wconf 83' lang='lat' dir='ltr'><strong>multum</strong></span> <span class='ocrx_word' id='word_1_615' title='bbox 2720 3887 2895 3954; x_wconf 49' lang='lat' dir='ltr'><strong>justus</strong></span> <span class='ocrx_word' id='word_1_616' title='bbox 2927 3882 3137 3954; x_wconf 83' lang='lat' dir='ltr'><strong>(lbid.).</strong></span> <span class='ocrx_word' id='word_1_617' title='bbox 3166 3882 3428 3936; x_wconf 70' lang='lat' dir='ltr'><strong>Amicitia:</strong></span> <span class='ocrx_word' id='word_1_618' title='bbox 3453 3884 3583 3936; x_wconf 86' lang='lat' dir='ltr'><strong>alios</strong></span> 
     </span>
    </p>
   </div>
   <div class='ocr_carea' id='block_1_86' title="bbox 2001 3972 3584 4045">
    <p class='ocr_par' dir='ltr' id='par_1_86' title="bbox 2001 3972 3584 4045">
     <span class='ocr_line' id='line_1_86' title="bbox 2001 3972 3584 4045; baseline -0.003 -12"><span class='ocrx_word' id='word_1_619' title='bbox 2001 3982 2303 4043; x_wconf 87' lang='lat' dir='ltr'><strong>immemor,</strong></span> <span class='ocrx_word' id='word_1_620' title='bbox 2341 3976 2519 4030; x_wconf 69' lang='lat' dir='ltr'><strong>debita</strong></span> <span class='ocrx_word' id='word_1_621' title='bbox 2563 3974 2820 4030; x_wconf 80' lang='lat' dir='ltr'><strong>exhibere</strong></span> <span class='ocrx_word' id='word_1_622' title='bbox 2866 3972 3104 4044; x_wconf 78' lang='lat' dir='ltr'><strong>neglexit</strong></span> <span class='ocrx_word' id='word_1_623' title='bbox 3147 3973 3357 4028; x_wconf 85' lang='lat' dir='ltr'><strong>ollicia?</strong></span> <span class='ocrx_word' id='word_1_624' title='bbox 3390 3975 3584 4045; x_wconf 83' lang='lat' dir='ltr'><strong>dignus</strong></span> 
     </span>
    </p>
   </div>
   <div class='ocr_carea' id='block_1_87' title="bbox 2001 4065 3586 4138">
    <p class='ocr_par' dir='ltr' id='par_1_87' title="bbox 2001 4065 3586 4138">
     <span class='ocr_line' id='line_1_87' title="bbox 2001 4065 3586 4138; baseline -0.004 -13"><span class='ocrx_word' id='word_1_625' title='bbox 2001 4079 2085 4125; x_wconf 87' lang='lat' dir='ltr'><strong>est</strong></span> <span class='ocrx_word' id='word_1_626' title='bbox 2117 4069 2300 4138; x_wconf 86' lang='lat' dir='ltr'><strong>abjici,</strong></span> <span class='ocrx_word' id='word_1_627' title='bbox 2332 4077 2568 4121; x_wconf 89' lang='lat' dir='ltr'><strong>meretur</strong></span> <span class='ocrx_word' id='word_1_628' title='bbox 2594 4065 2799 4120; x_wconf 88' lang='lat' dir='ltr'><strong>sentire</strong></span> <span class='ocrx_word' id='word_1_629' title='bbox 2831 4080 3072 4134; x_wconf 86' lang='lat' dir='ltr'><strong>asperam</strong></span> <span class='ocrx_word' id='word_1_630' title='bbox 3106 4065 3411 4131; x_wconf 67' lang='lat' dir='ltr'><strong>lazsiouem,</strong></span> <span class='ocrx_word' id='word_1_631' title='bbox 3441 4067 3586 4120; x_wconf 74' lang='lat' dir='ltr'><strong>C0ili~</strong></span> 
     </span>
    </p>
   </div>
   <div class='ocr_carea' id='block_1_88' title="bbox 2005 4156 3588 4230">
    <p class='ocr_par' dir='ltr' id='par_1_88' title="bbox 2005 4156 3588 4230">
     <span class='ocr_line' id='line_1_88' title="bbox 2005 4156 3588 4230; baseline -0.004 -14"><span class='ocrx_word' id='word_1_632' title='bbox 2005 4164 2096 4230; x_wconf 82' lang='lat' dir='ltr'><strong>be,</strong></span> <span class='ocrx_word' id='word_1_633' title='bbox 2121 4166 2365 4227; x_wconf 89' lang='lat' dir='ltr'><strong>obsecro,</strong></span> <span class='ocrx_word' id='word_1_634' title='bbox 2392 4167 2592 4214; x_wconf 87' lang='lat' dir='ltr'><strong>rectum</strong></span> <span class='ocrx_word' id='word_1_635' title='bbox 2620 4158 2888 4223; x_wconf 90' lang='lat' dir='ltr'><strong>dolorem,</strong></span> <span class='ocrx_word' id='word_1_636' title='bbox 2914 4156 3022 4212; x_wconf 91' lang='lat' dir='ltr'><strong>noli</strong></span> <span class='ocrx_word' id='word_1_637' title='bbox 3046 4157 3339 4213; x_wconf 89' lang='lat' dir='ltr'><strong>retribuere</strong></span> <span class='ocrx_word' id='word_1_638' title='bbox 3367 4159 3588 4212; x_wconf 84' lang='lat' dir='ltr'><strong>similia.</strong></span> 
     </span>
    </p>
   </div>
   <div class='ocr_carea' id='block_1_89' title="bbox 2005 4247 3585 4321">
    <p class='ocr_par' dir='ltr' id='par_1_89' title="bbox 2005 4247 3585 4321">
     <span class='ocr_line' id='line_1_89' title="bbox 2005 4247 3585 4321; baseline -0.005 -11"><span class='ocrx_word' id='word_1_639' title='bbox 2005 4254 2080 4310; x_wconf 88' lang='lat' dir='ltr'><strong>Ne</strong></span> <span class='ocrx_word' id='word_1_640' title='bbox 2112 4255 2344 4309; x_wconf 67' lang='lat' dir='ltr'><strong>azstimes</strong></span> <span class='ocrx_word' id='word_1_641' title='bbox 2366 4251 2516 4321; x_wconf 89' lang='lat' dir='ltr'><strong>quasi</strong></span> <span class='ocrx_word' id='word_1_642' title='bbox 2556 4249 2852 4314; x_wconf 87' lang='lat' dir='ltr'><strong>inimicum,</strong></span> <span class='ocrx_word' id='word_1_643' title='bbox 2878 4247 2973 4304; x_wconf 86' lang='lat' dir='ltr'><strong>sed</strong></span> <span class='ocrx_word' id='word_1_644' title='bbox 3004 4251 3213 4318; x_wconf 66' lang='lat' dir='ltr'><strong>corripe</strong></span> <span class='ocrx_word' id='word_1_645' title='bbox 3240 4248 3418 4302; x_wconf 90' lang='lat' dir='ltr'><strong>adhuc</strong></span> <span class='ocrx_word' id='word_1_646' title='bbox 3447 4248 3585 4302; x_wconf 81' lang='lat' dir='ltr'><strong>velut</strong></span> 
     </span>
    </p>
   </div>
   <div class='ocr_carea' id='block_1_90' title="bbox 2008 4337 3583 4412">
    <p class='ocr_par' dir='ltr' id='par_1_90' title="bbox 2008 4337 3583 4412">
     <span class='ocr_line' id='line_1_90' title="bbox 2008 4337 3583 4412; baseline -0.007 -11"><span class='ocrx_word' id='word_1_647' title='bbox 2008 4346 2273 4411; x_wconf 88' lang='lat' dir='ltr'><strong>amicum;</strong></span> <span class='ocrx_word' id='word_1_648' title='bbox 2308 4341 2664 4412; x_wconf 63' lang='lat' dir='ltr'><strong>restiondentc</strong></span> <span class='ocrx_word' id='word_1_649' title='bbox 2696 4340 2788 4394; x_wconf 85' lang='lat' dir='ltr'><strong>tibi</strong></span> <span class='ocrx_word' id='word_1_650' title='bbox 2820 4337 3221 4408; x_wconf 88' lang='lat' dir='ltr'><strong>sapientissimo</strong></span> <span class='ocrx_word' id='word_1_651' title='bbox 3248 4339 3534 4394; x_wconf 86' lang='lat' dir='ltr'><strong>Salomone</strong></span> <span class='ocrx_word' id='word_1_652' title='bbox 3570 4355 3583 4390; x_wconf 90' lang='lat'><strong>:</strong></span> 
     </span>
    </p>
   </div>
   <div class='ocr_carea' id='block_1_91' title="bbox 2008 4428 3587 4503">
    <p class='ocr_par' dir='ltr' id='par_1_91' title="bbox 2008 4428 3587 4503">
     <span class='ocr_line' id='line_1_91' title="bbox 2008 4428 3587 4503; baseline -0.006 -11"><span class='ocrx_word' id='word_1_653' title='bbox 2008 4436 2134 4491; x_wconf 87' lang='lat' dir='ltr'><strong>Noli</strong></span> <span class='ocrx_word' id='word_1_654' title='bbox 2173 4451 2278 4490; x_wconf 83' lang='lat' dir='ltr'><strong>esse</strong></span> <span class='ocrx_word' id='word_1_655' title='bbox 2315 4435 2531 4487; x_wconf 83' lang='lat' dir='ltr'><strong>multum</strong></span> <span class='ocrx_word' id='word_1_656' title='bbox 2565 4433 2761 4503; x_wconf 72' lang='lat' dir='ltr'><strong>justus.</strong></span> <span class='ocrx_word' id='word_1_657' title='bbox 2791 4430 2920 4484; x_wconf 87' lang='lat' dir='ltr'><strong>Esto</strong></span> <span class='ocrx_word' id='word_1_658' title='bbox 2949 4444 3078 4501; x_wconf 85' lang='lat' dir='ltr'><strong>ergo</strong></span> <span class='ocrx_word' id='word_1_659' title='bbox 3111 4428 3308 4499; x_wconf 88' lang='lat' dir='ltr'><strong>justus,</strong></span> <span class='ocrx_word' id='word_1_660' title='bbox 3338 4429 3432 4484; x_wconf 81' lang='lat' dir='ltr'><strong>sed</strong></span> <span class='ocrx_word' id='word_1_661' title='bbox 3481 4428 3587 4483; x_wconf 92' lang='lat' dir='ltr'><strong>noli</strong></span> 
     </span>
    </p>
   </div>
   <div class='ocr_carea' id='block_1_92' title="bbox 313 4495 1893 4594">
    <p class='ocr_par' dir='ltr' id='par_1_92' title="bbox 313 4518 1893 4585">
     <span class='ocr_line' id='line_1_92' title="bbox 313 4518 1893 4585; baseline -0.001 -11"><span class='ocrx_word' id='word_1_662' title='bbox 313 4519 539 4585; x_wconf 85' lang='lat' dir='ltr'><strong>dienda,</strong></span> <span class='ocrx_word' id='word_1_663' title='bbox 561 4527 611 4572; x_wconf 82' lang='lat' dir='ltr'><strong>et</strong></span> <span class='ocrx_word' id='word_1_664' title='bbox 639 4519 940 4573; x_wconf 87' lang='lat' dir='ltr'><strong>nullatenus</strong></span> <span class='ocrx_word' id='word_1_665' title='bbox 968 4520 1258 4573; x_wconf 75' lang='lat' dir='ltr'><strong>amovenda</strong></span> <span class='ocrx_word' id='word_1_666' title='bbox 1291 4519 1332 4571; x_wconf 90' lang='lat' dir='ltr'><strong>si</strong></span> <span class='ocrx_word' id='word_1_667' title='bbox 1367 4534 1468 4572; x_wconf 87' lang='lat' dir='ltr'><strong>non</strong></span> <span class='ocrx_word' id='word_1_668' title='bbox 1500 4528 1583 4573; x_wconf 89' lang='lat' dir='ltr'><strong>est</strong></span> <span class='ocrx_word' id='word_1_669' title='bbox 1611 4518 1731 4572; x_wconf 88' lang='lat' dir='ltr'><strong>ﬁdei</strong></span> <span class='ocrx_word' id='word_1_670' title='bbox 1759 4534 1893 4572; x_wconf 71' lang='lat' dir='ltr'><strong>verm</strong></span> 
     </span>
    </p>
   </div>
   <div class='ocr_carea' id='block_1_93' title="bbox 1998 4495 3588 4594">
    <p class='ocr_par' dir='ltr' id='par_1_93' title="bbox 2009 4522 3588 4594">
     <span class='ocr_line' id='line_1_93' title="bbox 2009 4522 3588 4594; baseline -0.005 -10"><span class='ocrx_word' id='word_1_671' title='bbox 2009 4544 2129 4584; x_wconf 91' lang='lat' dir='ltr'><strong>csse</strong></span> <span class='ocrx_word' id='word_1_672' title='bbox 2163 4527 2385 4580; x_wconf 86' lang='lat' dir='ltr'><strong>multum</strong></span> <span class='ocrx_word' id='word_1_673' title='bbox 2416 4526 2612 4594; x_wconf 88' lang='lat' dir='ltr'><strong>justus.</strong></span> <span class='ocrx_word' id='word_1_674' title='bbox 2641 4522 2768 4577; x_wconf 86' lang='lat' dir='ltr'><strong>Esto</strong></span> <span class='ocrx_word' id='word_1_675' title='bbox 2786 4522 2984 4590; x_wconf 82' lang='lat' dir='ltr'><strong>justus,</strong></span> <span class='ocrx_word' id='word_1_676' title='bbox 3010 4531 3068 4576; x_wconf 91' lang='lat' dir='ltr'><strong>ut</strong></span> <span class='ocrx_word' id='word_1_677' title='bbox 3097 4523 3356 4592; x_wconf 88' lang='lat' dir='ltr'><strong>corripias</strong></span> <span class='ocrx_word' id='word_1_678' title='bbox 3388 4522 3588 4591; x_wconf 85' lang='lat' dir='ltr'><strong>inquie-</strong></span> 
     </span>
    </p>
   </div>
   <div class='ocr_carea' id='block_1_94' title="bbox 315 4608 1896 4664">
    <p class='ocr_par' dir='ltr' id='par_1_94' title="bbox 315 4608 1896 4664">
     <span class='ocr_line' id='line_1_94' title="bbox 315 4608 1896 4664; baseline 0.001 -3"><span class='ocrx_word' id='word_1_679' title='bbox 315 4610 611 4664; x_wconf 82' lang='lat' dir='ltr'><strong>rontraria.</strong></span> <span class='ocrx_word' id='word_1_680' title='bbox 657 4609 768 4664; x_wconf 84' lang='lat' dir='ltr'><strong>Nec</strong></span> <span class='ocrx_word' id='word_1_681' title='bbox 810 4609 1042 4664; x_wconf 73' lang='lat' dir='ltr'><strong>offendat</strong></span> <span class='ocrx_word' id='word_1_682' title='bbox 1087 4610 1296 4663; x_wconf 87' lang='lat' dir='ltr'><strong>animos</strong></span> <span class='ocrx_word' id='word_1_683' title='bbox 1357 4621 1476 4662; x_wconf 85' lang='lat' dir='ltr'><strong>tuos</strong></span> <span class='ocrx_word' id='word_1_684' title='bbox 1535 4608 1896 4663; x_wconf 85' lang='lat' dir='ltr'><strong>Ecclesiarttm</strong></span> 
     </span>
    </p>
   </div>
   <div class='ocr_carea' id='block_1_95' title="bbox 311 4700 1897 4771">
    <p class='ocr_par' dir='ltr' id='par_1_95' title="bbox 311 4700 1897 4771">
     <span class='ocr_line' id='line_1_95' title="bbox 311 4700 1897 4771; baseline -0.003 -13"><span class='ocrx_word' id='word_1_685' title='bbox 311 4702 651 4758; x_wconf 70' lang='lat' dir='ltr'><strong>consuetudo</strong></span> <span class='ocrx_word' id='word_1_686' title='bbox 680 4703 911 4771; x_wconf 84' lang='lat' dir='ltr'><strong>diversa,</strong></span> <span class='ocrx_word' id='word_1_687' title='bbox 937 4703 1060 4755; x_wconf 89' lang='lat' dir='ltr'><strong>dum</strong></span> <span class='ocrx_word' id='word_1_688' title='bbox 1088 4703 1218 4758; x_wconf 89' lang='lat' dir='ltr'><strong>ﬁdes</strong></span> <span class='ocrx_word' id='word_1_689' title='bbox 1243 4712 1325 4756; x_wconf 86' lang='lat' dir='ltr'><strong>est</strong></span> <span class='ocrx_word' id='word_1_690' title='bbox 1351 4717 1472 4754; x_wconf 89' lang='lat' dir='ltr'><strong>una.</strong></span> <span class='ocrx_word' id='word_1_691' title='bbox 1499 4700 1737 4755; x_wconf 77' lang='lat' dir='ltr'><strong>Parvulis</strong></span> <span class='ocrx_word' id='word_1_692' title='bbox 1755 4702 1897 4756; x_wconf 72' lang='lat' dir='ltr'><strong>enim</strong></span> 
     </span>
    </p>
   </div>
   <div class='ocr_carea' id='block_1_96' title="bbox 315 4794 1903 4862">
    <p class='ocr_par' dir='ltr' id='par_1_96' title="bbox 315 4794 1903 4862">
     <span class='ocr_line' id='line_1_96' title="bbox 315 4794 1903 4862; baseline 0 -13"><span class='ocrx_word' id='word_1_693' title='bbox 315 4794 592 4849; x_wconf 81' lang='lat' dir='ltr'><strong>mentibus</strong></span> <span class='ocrx_word' id='word_1_694' title='bbox 620 4809 684 4847; x_wconf 89' lang='lat' dir='ltr'><strong>ac</strong></span> <span class='ocrx_word' id='word_1_695' title='bbox 717 4808 852 4861; x_wconf 89' lang='lat' dir='ltr'><strong>pene</strong></span> <span class='ocrx_word' id='word_1_696' title='bbox 880 4795 1081 4856; x_wconf 89' lang='lat' dir='ltr'><strong>stultis,</strong></span> <span class='ocrx_word' id='word_1_697' title='bbox 1109 4795 1208 4847; x_wconf 90' lang='lat' dir='ltr'><strong>hoc</strong></span> <span class='ocrx_word' id='word_1_698' title='bbox 1237 4794 1420 4862; x_wconf 88' lang='lat' dir='ltr'><strong>irrepit</strong></span> <span class='ocrx_word' id='word_1_699' title='bbox 1445 4794 1654 4857; x_wconf 88' lang='lat' dir='ltr'><strong>vitium,</strong></span> <span class='ocrx_word' id='word_1_700' title='bbox 1677 4809 1903 4849; x_wconf 87' lang='lat' dir='ltr'><strong>consue—</strong></span> 
     </span>
    </p>
   </div>
   <div class='ocr_carea' id='block_1_97' title="bbox 313 4884 1898 4949">
    <p class='ocr_par' dir='ltr' id='par_1_97' title="bbox 313 4884 1898 4949">
     <span class='ocr_line' id='line_1_97' title="bbox 313 4884 1898 4949; baseline 0 -10"><span class='ocrx_word' id='word_1_701' title='bbox 313 4887 562 4940; x_wconf 81' lang='lat' dir='ltr'><strong>tudinem</strong></span> <span class='ocrx_word' id='word_1_702' title='bbox 592 4898 704 4937; x_wconf 84' lang='lat' dir='ltr'><strong>suae</strong></span> <span class='ocrx_word' id='word_1_703' title='bbox 737 4884 1008 4949; x_wconf 78' lang='lat' dir='ltr'><strong>Ecclesiae,</strong></span> <span class='ocrx_word' id='word_1_704' title='bbox 1035 4885 1124 4939; x_wconf 89' lang='lat' dir='ltr'><strong>ubi</strong></span> <span class='ocrx_word' id='word_1_705' title='bbox 1156 4887 1233 4938; x_wconf 80' lang='lat' dir='ltr'><strong>\el</strong></span> <span class='ocrx_word' id='word_1_706' title='bbox 1259 4895 1414 4939; x_wconf 87' lang='lat' dir='ltr'><strong>natus</strong></span> <span class='ocrx_word' id='word_1_707' title='bbox 1436 4885 1516 4939; x_wconf 83' lang='lat' dir='ltr'><strong>vel</strong></span> <span class='ocrx_word' id='word_1_708' title='bbox 1544 4889 1826 4949; x_wconf 84' lang='lat' dir='ltr'><strong>enutritus,</strong></span> <span class='ocrx_word' id='word_1_709' title='bbox 1849 4885 1898 4939; x_wconf 92' lang='lat' dir='ltr'><strong>in</strong></span> 
     </span>
    </p>
   </div>
   <div class='ocr_carea' id='block_1_98' title="bbox 311 4975 1903 5046">
    <p class='ocr_par' dir='ltr' id='par_1_98' title="bbox 311 4975 1903 5046">
     <span class='ocr_line' id='line_1_98' title="bbox 311 4975 1903 5046; baseline 0 -16"><span class='ocrx_word' id='word_1_710' title='bbox 311 4977 436 5030; x_wconf 71' lang='lat' dir='ltr'><strong>aliis</strong></span> <span class='ocrx_word' id='word_1_711' title='bbox 479 4975 738 5046; x_wconf 82' lang='lat' dir='ltr'><strong>Ecelesiis</strong></span> <span class='ocrx_word' id='word_1_712' title='bbox 781 4989 1053 5043; x_wconf 60' lang='lat' dir='ltr'><strong>quaerere;</strong></span> <span class='ocrx_word' id='word_1_713' title='bbox 1085 4984 1140 5028; x_wconf 89' lang='lat' dir='ltr'><strong>et</strong></span> <span class='ocrx_word' id='word_1_714' title='bbox 1167 4975 1210 5028; x_wconf 91' lang='lat' dir='ltr'><strong>si</strong></span> <span class='ocrx_word' id='word_1_715' title='bbox 1241 4975 1474 5044; x_wconf 84' lang='lat' dir='ltr'><strong>aliquam</strong></span> <span class='ocrx_word' id='word_1_716' title='bbox 1522 4975 1903 5030; x_wconf 88' lang='lat' dir='ltr'><strong>dissonantiam</strong></span> 
     </span>
    </p>
   </div>
   <div class='ocr_carea' id='block_1_99' title="bbox 319 5065 1906 5134">
    <p class='ocr_par' dir='ltr' id='par_1_99' title="bbox 319 5065 1906 5134">
     <span class='ocr_line' id='line_1_99' title="bbox 319 5065 1906 5134; baseline 0.001 -16"><span class='ocrx_word' id='word_1_717' title='bbox 319 5065 736 5120; x_wconf 81' lang='lat' dir='ltr'><strong>consuetudinis</strong></span> <span class='ocrx_word' id='word_1_718' title='bbox 765 5065 976 5130; x_wconf 62' lang='lat' dir='ltr'><strong>vide-rit,</strong></span> <span class='ocrx_word' id='word_1_719' title='bbox 1011 5066 1206 5134; x_wconf 83' lang='lat' dir='ltr'><strong>patitur</strong></span> <span class='ocrx_word' id='word_1_720' title='bbox 1239 5077 1460 5134; x_wconf 86' lang='lat' dir='ltr'><strong>repente</strong></span> <span class='ocrx_word' id='word_1_721' title='bbox 1505 5066 1812 5121; x_wconf 86' lang='lat' dir='ltr'><strong>scandalum</strong></span> <span class='ocrx_word' id='word_1_722' title='bbox 1843 5068 1906 5119; x_wconf 90' lang='lat' dir='ltr'><strong>ﬁ-</strong></span> 
     </span>
    </p>
   </div>
   <div class='ocr_carea' id='block_1_100' title="bbox 312 5157 1904 5228">
    <p class='ocr_par' dir='ltr' id='par_1_100' title="bbox 312 5157 1904 5228">
     <span class='ocr_line' id='line_1_100' title="bbox 312 5157 1904 5228; baseline 0.001 -16"><span class='ocrx_word' id='word_1_723' title='bbox 312 5158 427 5212; x_wconf 88' lang='lat' dir='ltr'><strong>dei.</strong></span> <span class='ocrx_word' id='word_1_724' title='bbox 455 5157 536 5211; x_wconf 84' lang='lat' dir='ltr'><strong>&#39;l&#39;u</strong></span> <span class='ocrx_word' id='word_1_725' title='bbox 579 5172 729 5219; x_wconf 86' lang='lat' dir='ltr'><strong>vero,</strong></span> <span class='ocrx_word' id='word_1_726' title='bbox 763 5158 845 5210; x_wconf 88' lang='lat' dir='ltr'><strong>vir</strong></span> <span class='ocrx_word' id='word_1_727' title='bbox 873 5158 1108 5225; x_wconf 86' lang='lat' dir='ltr'><strong>sapiens,</strong></span> <span class='ocrx_word' id='word_1_728' title='bbox 1146 5157 1402 5213; x_wconf 64' lang='lat' dir='ltr'><strong>Ecclesiae</strong></span> <span class='ocrx_word' id='word_1_729' title='bbox 1433 5157 1497 5212; x_wconf 87' lang='lat' dir='ltr'><strong>ad</strong></span> <span class='ocrx_word' id='word_1_730' title='bbox 1525 5175 1682 5228; x_wconf 88' lang='lat' dir='ltr'><strong>quam</strong></span> <span class='ocrx_word' id='word_1_731' title='bbox 1717 5173 1904 5227; x_wconf 85' lang='lat' dir='ltr'><strong>perve-</strong></span> 
     </span>
    </p>
   </div>
   <div class='ocr_carea' id='block_1_101' title="bbox 317 5250 1906 5321">
    <p class='ocr_par' dir='ltr' id='par_1_101' title="bbox 317 5250 1906 5321">
     <span class='ocr_line' id='line_1_101' title="bbox 317 5250 1906 5321; baseline -0.003 -14"><span class='ocrx_word' id='word_1_732' title='bbox 317 5266 472 5308; x_wconf 78' lang='lat' dir='ltr'><strong>neris</strong></span> <span class='ocrx_word' id='word_1_733' title='bbox 501 5257 548 5305; x_wconf 83' lang='lat' dir='ltr'><strong>st</strong></span> <span class='ocrx_word' id='word_1_734' title='bbox 577 5250 840 5320; x_wconf 81' lang='lat' dir='ltr'><strong>approbas</strong></span> <span class='ocrx_word' id='word_1_735' title='bbox 873 5250 1030 5303; x_wconf 86' lang='lat' dir='ltr'><strong>ﬁdem</strong></span> <span class='ocrx_word' id='word_1_736' title='bbox 1050 5291 1064 5315; x_wconf 92' lang='lat'><strong>,</strong></span> <span class='ocrx_word' id='word_1_737' title='bbox 1099 5265 1326 5321; x_wconf 85' lang='lat' dir='ltr'><strong>sequere</strong></span> <span class='ocrx_word' id='word_1_738' title='bbox 1354 5251 1529 5303; x_wconf 67' lang='lat' dir='ltr'><strong>statim</strong></span> <span class='ocrx_word' id='word_1_739' title='bbox 1561 5250 1906 5305; x_wconf 86' lang='lat' dir='ltr'><strong>consuetudi-</strong></span> 
     </span>
    </p>
   </div>
   <div class='ocr_carea' id='block_1_102' title="bbox 318 5344 1906 5413">
    <p class='ocr_par' dir='ltr' id='par_1_102' title="bbox 318 5344 1906 5413">
     <span class='ocr_line' id='line_1_102' title="bbox 318 5344 1906 5413; baseline -0.004 -12"><span class='ocrx_word' id='word_1_740' title='bbox 318 5364 473 5410; x_wconf 87' lang='lat' dir='ltr'><strong>nem,</strong></span> <span class='ocrx_word' id='word_1_741' title='bbox 498 5360 598 5400; x_wconf 90' lang='lat' dir='ltr'><strong>nec</strong></span> <span class='ocrx_word' id='word_1_742' title='bbox 629 5361 856 5413; x_wconf 88' lang='lat' dir='ltr'><strong>nsurpes</strong></span> <span class='ocrx_word' id='word_1_743' title='bbox 891 5344 1123 5413; x_wconf 83' lang='lat' dir='ltr'><strong>aliquant</strong></span> <span class='ocrx_word' id='word_1_744' title='bbox 1159 5345 1296 5398; x_wconf 79' lang='lat' dir='ltr'><strong>sueti</strong></span> <span class='ocrx_word' id='word_1_745' title='bbox 1328 5345 1456 5398; x_wconf 71' lang='lat' dir='ltr'><strong>ritus</strong></span> <span class='ocrx_word' id='word_1_746' title='bbox 1489 5344 1664 5398; x_wconf 82' lang='lat' dir='ltr'><strong>facere</strong></span> <span class='ocrx_word' id='word_1_747' title='bbox 1702 5344 1906 5397; x_wconf 87' lang='lat' dir='ltr'><strong>novita-</strong></span> 
     </span>
    </p>
   </div>
   <div class='ocr_carea' id='block_1_103' title="bbox 320 5433 1912 5502">
    <p class='ocr_par' dir='ltr' id='par_1_103' title="bbox 320 5433 1912 5502">
     <span class='ocr_line' id='line_1_103' title="bbox 320 5433 1912 5502; baseline -0.004 -11"><span class='ocrx_word' id='word_1_748' title='bbox 320 5449 457 5492; x_wconf 89' lang='lat' dir='ltr'><strong>tem.</strong></span> <span class='ocrx_word' id='word_1_749' title='bbox 495 5435 550 5492; x_wconf 87' lang='lat' dir='ltr'><strong>Si</strong></span> <span class='ocrx_word' id='word_1_750' title='bbox 579 5437 720 5491; x_wconf 91' lang='lat' dir='ltr'><strong>enim</strong></span> <span class='ocrx_word' id='word_1_751' title='bbox 755 5444 806 5490; x_wconf 87' lang='lat' dir='ltr'><strong>te</strong></span> <span class='ocrx_word' id='word_1_752' title='bbox 835 5436 1156 5490; x_wconf 85' lang='lat' dir='ltr'><strong>scanda‘izat</strong></span> <span class='ocrx_word' id='word_1_753' title='bbox 1186 5444 1387 5489; x_wconf 87' lang='lat' dir='ltr'><strong>mutata</strong></span> <span class='ocrx_word' id='word_1_754' title='bbox 1427 5433 1779 5495; x_wconf 84' lang='lat' dir='ltr'><strong>consuetudo,</strong></span> <span class='ocrx_word' id='word_1_755' title='bbox 1816 5447 1912 5502; x_wconf 88' lang='lat' dir='ltr'><strong>po-</strong></span> 
     </span>
    </p>
   </div>
   <div class='ocr_carea' id='block_1_104' title="bbox 321 5524 1908 5595">
    <p class='ocr_par' dir='ltr' id='par_1_104' title="bbox 321 5524 1908 5595">
     <span class='ocr_line' id='line_1_104' title="bbox 321 5524 1908 5595; baseline -0.008 -9"><span class='ocrx_word' id='word_1_756' title='bbox 321 5539 430 5586; x_wconf 83' lang='lat' dir='ltr'><strong>test</strong></span> <span class='ocrx_word' id='word_1_757' title='bbox 458 5528 706 5584; x_wconf 82' lang='lat' dir='ltr'><strong>similiter</strong></span> <span class='ocrx_word' id='word_1_758' title='bbox 735 5527 984 5595; x_wconf 89' lang='lat' dir='ltr'><strong>p0pulum</strong></span> <span class='ocrx_word' id='word_1_759' title='bbox 1014 5527 1396 5588; x_wconf 84' lang='lat' dir='ltr'><strong>scandalizarc,</strong></span> <span class='ocrx_word' id='word_1_760' title='bbox 1416 5525 1568 5594; x_wconf 84' lang='lat' dir='ltr'><strong>cujus</strong></span> <span class='ocrx_word' id='word_1_761' title='bbox 1585 5524 1908 5578; x_wconf 87' lang='lat' dir='ltr'><strong>voluntatem</strong></span> 
     </span>
    </p>
   </div>
   <div class='ocr_carea' id='block_1_105' title="bbox 319 5615 1912 5689">
    <p class='ocr_par' dir='ltr' id='par_1_105' title="bbox 319 5615 1912 5689">
     <span class='ocr_line' id='line_1_105' title="bbox 319 5615 1912 5689; baseline -0.005 -11"><span class='ocrx_word' id='word_1_762' title='bbox 319 5624 430 5679; x_wconf 82' lang='lat' dir='ltr'><strong>sibi</strong></span> <span class='ocrx_word' id='word_1_763' title='bbox 459 5621 565 5675; x_wconf 70' lang='lat' dir='ltr'><strong>dux</strong></span> <span class='ocrx_word' id='word_1_764' title='bbox 596 5622 830 5689; x_wconf 86' lang='lat' dir='ltr'><strong>optimus</strong></span> <span class='ocrx_word' id='word_1_765' title='bbox 877 5622 927 5672; x_wconf 92' lang='lat' dir='ltr'><strong>in</strong></span> <span class='ocrx_word' id='word_1_766' title='bbox 980 5623 1136 5673; x_wconf 52' lang='lat' dir='ltr'><strong>rebus</strong></span> <span class='ocrx_word' id='word_1_767' title='bbox 1177 5619 1331 5672; x_wconf 87' lang='lat' dir='ltr'><strong>bonis</strong></span> <span class='ocrx_word' id='word_1_768' title='bbox 1370 5632 1584 5686; x_wconf 88' lang='lat' dir='ltr'><strong>semper</strong></span> <span class='ocrx_word' id='word_1_769' title='bbox 1622 5615 1912 5670; x_wconf 87' lang='lat' dir='ltr'><strong>conciliare</strong></span> 
     </span>
    </p>
   </div>
   <div class='ocr_carea' id='block_1_106' title="bbox 325 5709 1912 5785">
    <p class='ocr_par' dir='ltr' id='par_1_106' title="bbox 325 5709 1912 5785">
     <span class='ocr_line' id='line_1_106' title="bbox 325 5709 1912 5785; baseline -0.008 -9"><span class='ocrx_word' id='word_1_770' title='bbox 325 5717 550 5776; x_wconf 75' lang='lat' dir='ltr'><strong>festinat</strong></span> <span class='ocrx_word' id='word_1_771' title='bbox 591 5736 604 5774; x_wconf 90' lang='lat'><strong>:</strong></span> <span class='ocrx_word' id='word_1_772' title='bbox 645 5717 932 5785; x_wconf 71' lang='lat' dir='ltr'><strong>aposm&#39;iea</strong></span> <span class='ocrx_word' id='word_1_773' title='bbox 967 5714 1124 5770; x_wconf 80' lang='lat' dir='ltr'><strong>verba</strong></span> <span class='ocrx_word' id='word_1_774' title='bbox 1158 5713 1480 5782; x_wconf 72' lang='lat' dir='ltr'><strong>frequentius</strong></span> <span class='ocrx_word' id='word_1_775' title='bbox 1529 5711 1792 5776; x_wconf 86' lang='lat' dir='ltr'><strong>recolens,</strong></span> <span class='ocrx_word' id='word_1_776' title='bbox 1820 5709 1912 5764; x_wconf 89' lang='lat' dir='ltr'><strong>ubi</strong></span> 
     </span>
    </p>
   </div>
   <div class='ocr_carea' id='block_1_107' title="bbox 2009 4605 3630 4686">
    <p class='ocr_par' dir='ltr' id='par_1_107' title="bbox 2009 4605 3630 4686">
     <span class='ocr_line' id='line_1_107' title="bbox 2009 4605 3630 4686; baseline -0.005 -12"><span class='ocrx_word' id='word_1_777' title='bbox 2009 4630 2128 4686; x_wconf 86' lang='lat' dir='ltr'><strong>tos;</strong></span> <span class='ocrx_word' id='word_1_778' title='bbox 2165 4617 2270 4673; x_wconf 91' lang='lat' dir='ltr'><strong>noli</strong></span> <span class='ocrx_word' id='word_1_779' title='bbox 2305 4631 2426 4672; x_wconf 87' lang='lat' dir='ltr'><strong>esse</strong></span> <span class='ocrx_word' id='word_1_780' title='bbox 2457 4617 2680 4669; x_wconf 88' lang='lat' dir='ltr'><strong>multum</strong></span> <span class='ocrx_word' id='word_1_781' title='bbox 2718 4614 2925 4683; x_wconf 83' lang='lat' dir='ltr'><strong>justus,</strong></span> <span class='ocrx_word' id='word_1_782' title='bbox 2956 4623 3013 4668; x_wconf 91' lang='lat' dir='ltr'><strong>ut</strong></span> <span class='ocrx_word' id='word_1_783' title='bbox 3051 4615 3344 4670; x_wconf 73' lang='lat' dir='ltr'><strong>coiisoleris</strong></span> <span class='ocrx_word' id='word_1_784' title='bbox 3375 4616 3590 4684; x_wconf 79' lang='lat' dir='ltr'><strong>pusilla-</strong></span> <span class='ocrx_word' id='word_1_785' title='bbox 3627 4605 3630 4608; x_wconf 68' lang='grc'><strong>’</strong></span> 
     </span>
    </p>
   </div>
   <div class='ocr_carea' id='block_1_108' title="bbox 2011 4702 3587 4775">
    <p class='ocr_par' dir='ltr' id='par_1_108' title="bbox 2011 4702 3587 4775">
     <span class='ocr_line' id='line_1_108' title="bbox 2011 4702 3587 4775; baseline -0.003 -11"><span class='ocrx_word' id='word_1_786' title='bbox 2011 4711 2202 4775; x_wconf 90' lang='lat' dir='ltr'><strong>nimes,</strong></span> <span class='ocrx_word' id='word_1_787' title='bbox 2227 4719 2285 4761; x_wconf 93' lang='lat' dir='ltr'><strong>ut</strong></span> <span class='ocrx_word' id='word_1_788' title='bbox 2308 4702 2567 4774; x_wconf 84' lang='lat' dir='ltr'><strong>suseipias</strong></span> <span class='ocrx_word' id='word_1_789' title='bbox 2592 4703 2853 4771; x_wconf 87' lang='lat' dir='ltr'><strong>inﬁrmos,</strong></span> <span class='ocrx_word' id='word_1_790' title='bbox 2875 4713 2924 4760; x_wconf 90' lang='lat' dir='ltr'><strong>et</strong></span> <span class='ocrx_word' id='word_1_791' title='bbox 2952 4707 3160 4774; x_wconf 91' lang='lat' dir='ltr'><strong>patiens</strong></span> <span class='ocrx_word' id='word_1_792' title='bbox 3190 4706 3262 4759; x_wconf 85' lang='lat' dir='ltr'><strong>sis</strong></span> <span class='ocrx_word' id='word_1_793' title='bbox 3285 4705 3353 4759; x_wconf 85' lang='lat' dir='ltr'><strong>ad</strong></span> <span class='ocrx_word' id='word_1_794' title='bbox 3378 4719 3587 4759; x_wconf 86' lang='lat' dir='ltr'><strong>omnes.</strong></span> 
     </span>
    </p>
   </div>
   <div class='ocr_carea' id='block_1_109' title="bbox 2010 4794 3588 4868">
    <p class='ocr_par' dir='ltr' id='par_1_109' title="bbox 2010 4794 3588 4868">
     <span class='ocr_line' id='line_1_109' title="bbox 2010 4794 3588 4868; baseline -0.007 -11"><span class='ocrx_word' id='word_1_795' title='bbox 2010 4800 2303 4858; x_wconf 88' lang='lat' dir='ltr'><strong>Considera</strong></span> <span class='ocrx_word' id='word_1_796' title='bbox 2331 4799 2528 4868; x_wconf 90' lang='lat' dir='ltr'><strong>quibus</strong></span> <span class='ocrx_word' id='word_1_797' title='bbox 2560 4797 2814 4864; x_wconf 88' lang='lat' dir='ltr'><strong>imperes,</strong></span> <span class='ocrx_word' id='word_1_798' title='bbox 2840 4803 2893 4850; x_wconf 91' lang='lat' dir='ltr'><strong>et</strong></span> <span class='ocrx_word' id='word_1_799' title='bbox 2928 4811 3085 4864; x_wconf 90' lang='lat' dir='ltr'><strong>quam</strong></span> <span class='ocrx_word' id='word_1_800' title='bbox 3125 4795 3258 4850; x_wconf 85' lang='lat' dir='ltr'><strong>dura</strong></span> <span class='ocrx_word' id='word_1_801' title='bbox 3303 4795 3462 4849; x_wconf 88' lang='lat' dir='ltr'><strong>corda</strong></span> <span class='ocrx_word' id='word_1_802' title='bbox 3493 4794 3588 4847; x_wconf 88' lang='lat' dir='ltr'><strong>ﬁe-</strong></span> 
     </span>
    </p>
   </div>
   <div class='ocr_carea' id='block_1_110' title="bbox 2010 4881 3590 4957">
    <p class='ocr_par' dir='ltr' id='par_1_110' title="bbox 2010 4881 3590 4957">
     <span class='ocr_line' id='line_1_110' title="bbox 2010 4881 3590 4957; baseline -0.009 -10"><span class='ocrx_word' id='word_1_803' title='bbox 2010 4903 2153 4948; x_wconf 89' lang='lat' dir='ltr'><strong>ctere</strong></span> <span class='ocrx_word' id='word_1_804' title='bbox 2183 4890 2400 4957; x_wconf 87' lang='lat' dir='ltr'><strong>cupias;</strong></span> <span class='ocrx_word' id='word_1_805' title='bbox 2430 4898 2486 4941; x_wconf 90' lang='lat' dir='ltr'><strong>ut</strong></span> <span class='ocrx_word' id='word_1_806' title='bbox 2523 4886 2684 4941; x_wconf 88' lang='lat' dir='ltr'><strong>modo</strong></span> <span class='ocrx_word' id='word_1_807' title='bbox 2709 4885 2984 4950; x_wconf 91' lang='lat' dir='ltr'><strong>minando,</strong></span> <span class='ocrx_word' id='word_1_808' title='bbox 3007 4883 3167 4939; x_wconf 90' lang='lat' dir='ltr'><strong>modo</strong></span> <span class='ocrx_word' id='word_1_809' title='bbox 3200 4881 3458 4946; x_wconf 84' lang='lat' dir='ltr'><strong>feriendo,</strong></span> <span class='ocrx_word' id='word_1_810' title='bbox 3480 4896 3590 4934; x_wconf 81' lang='lat' dir='ltr'><strong>mo-</strong></span> 
     </span>
    </p>
   </div>
   <div class='ocr_carea' id='block_1_111' title="bbox 2010 4972 3593 5048">
    <p class='ocr_par' dir='ltr' id='par_1_111' title="bbox 2010 4972 3593 5048">
     <span class='ocr_line' id='line_1_111' title="bbox 2010 4972 3593 5048; baseline -0.009 -12"><span class='ocrx_word' id='word_1_811' title='bbox 2010 4982 2081 5036; x_wconf 89' lang='lat' dir='ltr'><strong>do</strong></span> <span class='ocrx_word' id='word_1_812' title='bbox 2112 4981 2316 5034; x_wconf 91' lang='lat' dir='ltr'><strong>veniam</strong></span> <span class='ocrx_word' id='word_1_813' title='bbox 2362 4975 2670 5048; x_wconf 85' lang='lat' dir='ltr'><strong>largiendo,</strong></span> <span class='ocrx_word' id='word_1_814' title='bbox 2709 4974 3016 5030; x_wconf 79' lang='lat' dir='ltr'><strong>nullatenus</strong></span> <span class='ocrx_word' id='word_1_815' title='bbox 3056 4972 3268 5041; x_wconf 88' lang='lat' dir='ltr'><strong>quidem</strong></span> <span class='ocrx_word' id='word_1_816' title='bbox 3316 4983 3593 5022; x_wconf 86' lang='lat' dir='ltr'><strong>remanere</strong></span> 
     </span>
    </p>
   </div>
   <div class='ocr_carea' id='block_1_112' title="bbox 2012 5063 3585 5140">
    <p class='ocr_par' dir='ltr' id='par_1_112' title="bbox 2012 5063 3585 5140">
     <span class='ocr_line' id='line_1_112' title="bbox 2012 5063 3585 5140; baseline -0.008 -13"><span class='ocrx_word' id='word_1_817' title='bbox 2012 5071 2270 5140; x_wconf 88' lang='lat' dir='ltr'><strong>impunita</strong></span> <span class='ocrx_word' id='word_1_818' title='bbox 2322 5069 2549 5124; x_wconf 78' lang='lat' dir='ltr'><strong>militum</strong></span> <span class='ocrx_word' id='word_1_819' title='bbox 2599 5075 2819 5137; x_wconf 88' lang='lat' dir='ltr'><strong>peccata</strong></span> <span class='ocrx_word' id='word_1_820' title='bbox 2861 5063 3138 5126; x_wconf 84' lang='lat' dir='ltr'><strong>dimittas,</strong></span> <span class='ocrx_word' id='word_1_821' title='bbox 3191 5075 3362 5128; x_wconf 89' lang='lat' dir='ltr'><strong>neque</strong></span> <span class='ocrx_word' id='word_1_822' title='bbox 3410 5071 3585 5114; x_wconf 89' lang='lat' dir='ltr'><strong>tamen</strong></span> 
     </span>
    </p>
   </div>
   <div class='ocr_carea' id='block_1_113' title="bbox 2012 5151 3590 5232">
    <p class='ocr_par' dir='ltr' id='par_1_113' title="bbox 2012 5151 3590 5232">
     <span class='ocr_line' id='line_1_113' title="bbox 2012 5151 3590 5232; baseline -0.007 -14"><span class='ocrx_word' id='word_1_823' title='bbox 2012 5177 2226 5232; x_wconf 88' lang='lat' dir='ltr'><strong>semper</strong></span> <span class='ocrx_word' id='word_1_824' title='bbox 2253 5158 2565 5215; x_wconf 81' lang='lat' dir='ltr'><strong>excessibus</strong></span> <span class='ocrx_word' id='word_1_825' title='bbox 2606 5169 2793 5212; x_wconf 89' lang='lat' dir='ltr'><strong>eorum</strong></span> <span class='ocrx_word' id='word_1_826' title='bbox 2833 5151 3093 5221; x_wconf 79' lang='lat' dir='ltr'><strong>supplicia</strong></span> <span class='ocrx_word' id='word_1_827' title='bbox 3130 5151 3391 5221; x_wconf 87' lang='lat' dir='ltr'><strong>condigna</strong></span> <span class='ocrx_word' id='word_1_828' title='bbox 3437 5152 3590 5207; x_wconf 84' lang='lat' dir='ltr'><strong>retri-</strong></span> 
     </span>
    </p>
   </div>
   <div class='ocr_carea' id='block_1_114' title="bbox 2011 5244 3594 5321">
    <p class='ocr_par' dir='ltr' id='par_1_114' title="bbox 2011 5244 3594 5321">
     <span class='ocr_line' id='line_1_114' title="bbox 2011 5244 3594 5321; baseline -0.008 -11"><span class='ocrx_word' id='word_1_829' title='bbox 2011 5258 2162 5321; x_wconf 82' lang='lat' dir='ltr'><strong>buas,</strong></span> <span class='ocrx_word' id='word_1_830' title='bbox 2194 5253 2380 5309; x_wconf 88' lang='lat' dir='ltr'><strong>dicens</strong></span> <span class='ocrx_word' id='word_1_831' title='bbox 2418 5252 2510 5305; x_wconf 89' lang='lat' dir='ltr'><strong>tibi</strong></span> <span class='ocrx_word' id='word_1_832' title='bbox 2557 5249 2659 5317; x_wconf 84' lang='lat' dir='ltr'><strong>ipsi</strong></span> <span class='ocrx_word' id='word_1_833' title='bbox 2709 5264 2722 5300; x_wconf 90' lang='lat'><strong>:</strong></span> <span class='ocrx_word' id='word_1_834' title='bbox 2768 5245 2895 5300; x_wconf 80' lang='lat' dir='ltr'><strong>Noli</strong></span> <span class='ocrx_word' id='word_1_835' title='bbox 2923 5260 3031 5298; x_wconf 79' lang='lat' dir='ltr'><strong>esse</strong></span> <span class='ocrx_word' id='word_1_836' title='bbox 3057 5244 3277 5298; x_wconf 78' lang='lat' dir='ltr'><strong>multum</strong></span> <span class='ocrx_word' id='word_1_837' title='bbox 3315 5245 3509 5314; x_wconf 74' lang='lat' dir='ltr'><strong>justus.</strong></span> <span class='ocrx_word' id='word_1_838' title='bbox 3551 5245 3594 5298; x_wconf 79' lang='grc' dir='ltr'>Ο</span> 
     </span>
    </p>
   </div>
   <div class='ocr_carea' id='block_1_115' title="bbox 2013 5334 3590 5415">
    <p class='ocr_par' dir='ltr' id='par_1_115' title="bbox 2013 5334 3590 5415">
     <span class='ocr_line' id='line_1_115' title="bbox 2013 5334 3590 5415; baseline -0.004 -21"><span class='ocrx_word' id='word_1_839' title='bbox 2013 5355 2226 5415; x_wconf 73' lang='lat' dir='ltr'><strong>quanta,</strong></span> <span class='ocrx_word' id='word_1_840' title='bbox 2254 5343 2360 5397; x_wconf 83' lang='lat' dir='ltr'><strong>dux</strong></span> <span class='ocrx_word' id='word_1_841' title='bbox 2385 5337 2802 5408; x_wconf 87' lang='lat' dir='ltr'><strong>sapientissime,</strong></span> <span class='ocrx_word' id='word_1_842' title='bbox 2824 5334 3209 5389; x_wconf 81' lang='lat' dir='ltr'><strong>dissimulanda</strong></span> <span class='ocrx_word' id='word_1_843' title='bbox 3233 5341 3374 5401; x_wconf 87' lang='lat' dir='ltr'><strong>sunt,</strong></span> <span class='ocrx_word' id='word_1_844' title='bbox 3399 5345 3590 5405; x_wconf 80' lang='lat' dir='ltr'><strong>quanta</strong></span> 
     </span>
    </p>
   </div>
   <div class='ocr_carea' id='block_1_116' title="bbox 2013 5424 3592 5502">
    <p class='ocr_par' dir='ltr' id='par_1_116' title="bbox 2013 5424 3592 5502">
     <span class='ocr_line' id='line_1_116' title="bbox 2013 5424 3592 5502; baseline -0.006 -13"><span class='ocrx_word' id='word_1_845' title='bbox 2013 5435 2306 5502; x_wconf 86' lang='lat' dir='ltr'><strong>toleranda,</strong></span> <span class='ocrx_word' id='word_1_846' title='bbox 2327 5441 2521 5502; x_wconf 88' lang='lat' dir='ltr'><strong>quanta</strong></span> <span class='ocrx_word' id='word_1_847' title='bbox 2551 5429 2742 5484; x_wconf 83' lang='lat' dir='ltr'><strong>leviter</strong></span> <span class='ocrx_word' id='word_1_848' title='bbox 2767 5424 3090 5495; x_wconf 83' lang='lat' dir='ltr'><strong>attingenda,</strong></span> <span class='ocrx_word' id='word_1_849' title='bbox 3115 5433 3316 5494; x_wconf 86' lang='lat' dir='ltr'><strong>quanta</strong></span> <span class='ocrx_word' id='word_1_850' title='bbox 3345 5425 3592 5480; x_wconf 76' lang='lat' dir='ltr'><strong>saeerdo-</strong></span> 
     </span>
    </p>
   </div>
   <div class='ocr_carea' id='block_1_117' title="bbox 2016 5513 3594 5591">
    <p class='ocr_par' dir='ltr' id='par_1_117' title="bbox 2016 5513 3594 5591">
     <span class='ocr_line' id='line_1_117' title="bbox 2016 5513 3594 5591; baseline -0.009 -13"><span class='ocrx_word' id='word_1_851' title='bbox 2016 5535 2124 5578; x_wconf 89' lang='lat' dir='ltr'><strong>tum</strong></span> <span class='ocrx_word' id='word_1_852' title='bbox 2155 5535 2366 5591; x_wconf 88' lang='lat' dir='ltr'><strong>quoque</strong></span> <span class='ocrx_word' id='word_1_853' title='bbox 2397 5515 2874 5574; x_wconf 86' lang='lat' dir='ltr'><strong>intercessionibus</strong></span> <span class='ocrx_word' id='word_1_854' title='bbox 2901 5513 3265 5578; x_wconf 88' lang='lat' dir='ltr'><strong>concedenda,</strong></span> <span class='ocrx_word' id='word_1_855' title='bbox 3295 5515 3362 5568; x_wconf 89' lang='lat' dir='ltr'><strong>ab</strong></span> <span class='ocrx_word' id='word_1_856' title='bbox 3391 5513 3481 5568; x_wconf 83' lang='lat' dir='ltr'><strong>illo</strong></span> <span class='ocrx_word' id='word_1_857' title='bbox 3507 5514 3594 5582; x_wconf 89' lang='lat' dir='ltr'><strong>qui</strong></span> 
     </span>
    </p>
   </div>
   <div class='ocr_carea' id='block_1_118' title="bbox 2015 5604 3591 5683">
    <p class='ocr_par' dir='ltr' id='par_1_118' title="bbox 2015 5604 3591 5683">
     <span class='ocr_line' id='line_1_118' title="bbox 2015 5604 3591 5683; baseline -0.008 -17"><span class='ocrx_word' id='word_1_858' title='bbox 2015 5614 2282 5683; x_wconf 87' lang='lat' dir='ltr'><strong>sapienter</strong></span> <span class='ocrx_word' id='word_1_859' title='bbox 2313 5609 2459 5662; x_wconf 89' lang='lat' dir='ltr'><strong>audit</strong></span> <span class='ocrx_word' id='word_1_860' title='bbox 2487 5626 2497 5659; x_wconf 92' lang='lat'><strong>:</strong></span> <span class='ocrx_word' id='word_1_861' title='bbox 2532 5605 2658 5660; x_wconf 84' lang='lat' dir='ltr'><strong>Noli</strong></span> <span class='ocrx_word' id='word_1_862' title='bbox 2685 5621 2793 5661; x_wconf 78' lang='lat' dir='ltr'><strong>esse</strong></span> <span class='ocrx_word' id='word_1_863' title='bbox 2824 5604 3041 5658; x_wconf 77' lang='lat' dir='ltr'><strong>multum</strong></span> <span class='ocrx_word' id='word_1_864' title='bbox 3069 5604 3277 5676; x_wconf 73' lang='lat' dir='ltr'><strong>justus!</strong></span> <span class='ocrx_word' id='word_1_865' title='bbox 3310 5605 3466 5659; x_wconf 73' lang='lat' dir='ltr'><strong>Potes</strong></span> <span class='ocrx_word' id='word_1_866' title='bbox 3496 5605 3591 5658; x_wconf 87' lang='lat' dir='ltr'><strong>alia</strong></span> 
     </span>
    </p>
   </div>
   <div class='ocr_carea' id='block_1_119' title="bbox 2016 5697 3592 5773">
    <p class='ocr_par' dir='ltr' id='par_1_119' title="bbox 2016 5697 3592 5773">
     <span class='ocr_line' id='line_1_119' title="bbox 2016 5697 3592 5773; baseline -0.006 -13"><span class='ocrx_word' id='word_1_867' title='bbox 2016 5717 2173 5773; x_wconf 80' lang='lat' dir='ltr'><strong>:thtte</strong></span> <span class='ocrx_word' id='word_1_868' title='bbox 2205 5703 2304 5758; x_wconf 88' lang='lat' dir='ltr'><strong>alia</strong></span> <span class='ocrx_word' id='word_1_869' title='bbox 2336 5701 2525 5756; x_wconf 82' lang='lat' dir='ltr'><strong>tacitus</strong></span> <span class='ocrx_word' id='word_1_870' title='bbox 2555 5699 2893 5756; x_wconf 73' lang='lat' dir='ltr'><strong>considerare</strong></span> <span class='ocrx_word' id='word_1_871' title='bbox 2931 5697 3175 5756; x_wconf 78' lang='lat' dir='ltr'><strong>vitiorum</strong></span> <span class='ocrx_word' id='word_1_872' title='bbox 3220 5713 3448 5772; x_wconf 68' lang='lat' dir='ltr'><strong>genere,</strong></span> <span class='ocrx_word' id='word_1_873' title='bbox 3480 5698 3592 5767; x_wconf 53' lang='lat' dir='ltr'><strong>quo</strong></span> 
     </span>
    </p>
   </div>
  </div>
