3998 6202
405 223 504 283 9i?

1308 223 1669 280 FULGENTH
1714 220 2061 278 FERRANDI
2104 222 2374 279 DIACONI
2417 226 2761 280 CAllTllAC.

3562 227 3660 282 918

401 340 501 397 bus
529 341 782 397 sanandis
807 334 1099 395 remedium
1127 338 1291 393 voluit
1322 338 1619 406 praevidere
1642 348 1666 375 ἰ
1688 339 1779 408 qui
1800 338 1979 391 dixit:
2016 337 2064 397 Λ
2090 338 2173 391 nis
2198 330 2434 392 crimine
2479 340 2620 392 nulla
2670 337 2995 393 matrimonii
3039 336 3309 395 dividendi
3349 353 3511 395 causa
3553 357 3668 407 per-

404 429 530 485 Noli
557 448 665 486 esse
689 432 908 485 mullum
927 433 1125 501 justus.
1156 432 1297 484 Inter
1326 430 1426 483 alia
1460 430 1674 499 quippe,
1700 428 1982 484 detractio-

402 523 485 578 nis
511 524 828 582 abscondito
853 524 1029 592 jaculo
1060 524 1333 581 neminem
1367 522 1781 588 vulnerabimus,
1808 537 1905 576 nec
1932 522 1983 575 in

402 617 638 679 moribus
670 618 809 674 bene
840 619 1138 674 viventium
1173 616 1453 672 sollicitius
1485 614 1813 683 inquiremus
1848 612 1986 665 unde

400 708 702 774 culpentur,
730 708 773 762 si
809 709 1052 775 loquatur
1089 708 1371 775 unicuique
1414 714 1653 759 nostrum
1694 717 1787 772 per
1816 702 1986 770 Spiri-

401 806 509 849 tum
539 807 782 853 sanctum
821 798 991 852 fidelis
1017 799 1289 866 Scriptura
1326 814 1338 849 :
1377 795 1498 849 Noli
1523 811 1629 848 esse
1658 793 1878 847 multum
1896 796 1987 864 ju-

394 895 522 940 stus.
558 888 691 955 Quia
727 888 905 956 utique
934 889 1159 942 multum
1188 888 1364 956 jusms
1395 901 1515 940 esse
1544 886 1879 954 cnlpabiliter
1911 887 1985 940 ni~

401 980 545 1041 titur,
570 981 658 1049 qui
690 997 782 1049 per
809 997 1023 1035 omnem
1049 982 1305 1049 justitiam
1348 979 1575 1048 proximi
1618 978 1888 1035 examinat
1914 980 1987 1029 vi-

402 1082 529 1134 tam,
568 1070 872 1141 fragilitatis
915 1073 1162 1128 humana:
1200 1071 1629 1125 consideratione
1661 1069 1988 1138 postposita;

403 1170 657 1232 tanquam
687 1164 805 1219 sine
837 1172 1057 1233 pet‘Cato
1088 1165 1261 1221 valeat
1300 1165 1480 1218 vivere
1524 1162 1766 1231 quisquis
1811 1160 1993 1228 incipit

403 1263 618 1319 peccata
663 1255 863 1321 vitare;
914 1271 1098 1324 prtesei
1116 1255 1206 1310 tim
1255 1256 1455 1309 Jat-obo
1503 1253 1750 1323 apostolo
1799 1256 1991 1307 contir-

404 1352 615 1400 ntante:
645 1342 711 1396 In
742 1346 917 1398 multis
946 1346 1077 1399 enim
1104 1345 1414 1412 offendimus
1441 1352 1610 1396 omnes
1633 1341 1777 1411 (Jac.
1798 1358 1873 1406 Ill,
1896 1341 1953 1411 2)
1977 1360 1990 1407 ;

404 1431 543 1483 umle
575 1446 678 1487 non
723 1433 991 1491 inu'nerito
1029 1444 1309 1489 revocatur
1338 1434 1601 1500 superbus
1631 1434 1900 1487 detractor
1928 1435 1994 1485 ab

403 1521 949 1591 elatiouejudicandt,
972 1541 1091 1579 cum
1122 1526 1316 1579 dicitur
1346 1524 1395 1579 ei
1429 1543 1442 1579 :
1481 1524 1606 1577 Noli
1640 1540 1745 1578 esse
1779 1523 1994 1576 ntultum

406 1617 601 1679 justus;
649 1628 699 1667 ut
753 1615 979 1670 libenter
1024 1617 1244 1684 impleat
1284 1615 1424 1681 quod
1472 1615 1575 1671 Vas
1620 1614 1898 1669 electionis
1942 1621 1995 1669 et

2090 428 2330 484 mittitur.
2368 429 2644 484 f‘rohibuit
2676 431 2754 484 lex
2799 427 2991 483 falsum
3031 427 3245 498 iurare;
3289 430 3452 500 jussit
3499 431 3667 485 Evan-

2087 520 2278 584 gelium
2334 520 2542 588 penitus
2596 535 2699 573 non
2749 519 2955 588 jurare.
3018 520 3273 573 Vindictae
3320 522 3541 575 modum
3581 521 3659 574 lex

2089 618 2167 661 sta
2196 625 2347 675 nens,
2399 611 2535 664 dixit
2578 613 2843 675 antiquis:
2907 611 3124 664 Oculum
3155 628 3250 681 pro
3278 613 3447 675 oculo,
3477 614 3672 665 dentem

2090 715 2183 765 pro
2229 698 2550 769 dente(Lev.
2595 699 2889 770 xxrv,20);
2919 700 3210 769 discipulos
3248 718 3374 757 vero
3405 702 3675 773 Evangelii

2093 791 2287 842 initam
2340 790 2506 843 voluit
2557 790 2800 846 Christus
2857 808 2919 845 ex
2957 803 3165 861 pectare
3218 792 3530 857 vindictam,
3584 796 3674 848 sed

2094 894 2401 943 percussum
2454 882 2619 937 semel
2671 883 2983 950 percutienti
3016 885 3221 938 monuit
3272 885 3498 940 alteram
3545 902 3673 955 ρης

2094 969 2220 1022 bere
2269 971 2559 1024 tnaxillam.
2606 973 2745 1024 Mille
2796 988 2983 1040 passus
3009 975 3341 1042 angariatutn
3370 977 3403 1030 d
3428 992 3479 1031 ιο
3513 978 3669 1032 millia

2094 1060 2367 1116 ambulare
2390 1065 2664 1131 pracepit,
2694 1063 3019 1118 interdicens
3051 1065 3374 1121 omnimodis
3398 1069 3667 1125 talionem.

2098 1151 2201 1205 Lex
2254 1153 2481 1208 inimicis
2534 1154 2714 1208 odium
2768 1156 2988 1208 retribui
3030 1159 3292 1226 permisit,
3338 1158 3673 1215 dilectionem

2094 1260 2221 1299 vero
2239 1247 2423 1315 nfltll'ls
2454 1246 2996 1316 indulsithvangelii
3022 1263 3146 1302 vero
3180 1263 3329 1303 sacra
3353 1254 3672 1319 praeceptio:

2099 1334 2329 1406 Diligiu,
2376 1337 2562 1403 inquit,
2618 1339 2848 1392 inimicos
2896 1352 3121 1407 vestros;
3154 1342 3434 1411 benefacite
3480 1344 3558 1397 lu's
3586 1348 3669 1415 qui

2095 1426 2305 1479 oderunt
2333 1443 2452 1492 vos;
2488 1437 2533 1479 et
2562 1439 2703 1481 orate
2738 1445 2829 1497 pro
2858 1431 3264 1500 persequentibus
3292 1442 3340 1486 et
3364 1433 3677 1488 calumnian-

2098 1520 2227 1574 tibus
2279 1538 2360 1573 tos
2410 1521 2634 1591 (Matth.
2670 1538 2722 1589 v,
2764 1523 2887 1596 Η).
2934 1524 3172 1596 Cumque
3221 1528 3302 1581 his
3337 1531 3675 1599 amplioribus

2098 1613 2384 1664 virtutibus
2431 1614 2699 1668 excellere
2741 1615 2843 1686 legi
2872 1616 3214 1687 Evangelium
3240 1620 3675 1685 demonstrasset,

408 1703 599 1757 doctor
636 1707 873 1776 gentium
923 1707 1157 1775 loquitur
1201 1706 1394 1758 Paulus
1440 1723 1452 1757 :
1506 1705 1564 1759 Si
1611 1718 1995 1773 praeoccupans
2028 1701 2074 1759 Β
2100 1717 2128 1754 a
2166 1718 2298 1755 vallat
2342 1704 2506 1772 gloria
2540 1702 2899 1759 Christianum
2934 1709 3217 1773 revocavit,
3259 1720 3312 1763 et
3356 1711 3422 1761 ad
3468 1714 3675 1765 miseri.

409 1798 564 1864 fuerit
595 1797 744 1852 homo
792 1800 845 1852 in
880 1800 1052 1867 aliquo
1094 1800 1297 1863 delicto,
1329 1816 1413 1852 ros
1452 1800 1540 1869 qui
1577 1798 1832 1867 spiritales
1859 1800 1996 1855 estis.

410 1886 652 1941 t'nslruite
680 1888 987 1964 Imjnsmodi
1003 1889 1051 1941 in
1080 1890 1264 1956 spiritu
1291 1890 1728 1952 mansuttudinis;
1763 1889 1999 1941 consile-

410 1993 534 2031 rtms
559 1988 608 2030 te
636 1980 822 2045 ipsum,
848 1996 909 2032 ue
929 1990 974 2032 et
996 1989 1050 2032 tu
1075 1980 1278 2033 lettteris
1304 1979 1447 2048 (Cal.
1474 1996 1545 2045 γι,
1571 1979 1647 2050 1).
1674 1981 1785 2034 Hoc
1805 1988 1887 2033 est
1907 1982 2003 2032 ita-

411 2084 516 2134 que
547 2085 561 2123 :
597 2069 725 2122 Noli
753 2086 859 2123 esse
882 2071 1097 2123 multum
1119 2072 1315 2139 justus,
1335 2072 1475 2139 quod
1506 2079 1623 2125 est:
1652 2069 1930 2124 Considera
1957 2078 2004 2124 te

415 2160 604 2226 ipsum,
629 2176 692 2213 ne
720 2172 764 2213 et
793 2174 844 2213 tu
875 2163 1103 2218 teuttris.
1127 2161 1391 2217 Caeterum
1424 2163 1512 2232 qui
1543 2164 1619 2217 sic
1647 2163 1999 2232 delinquenti-

419 2249 523 2306 bus
562 2251 831 2313 irascitur,
855 2253 1007 2321 quasi
1051 2254 1166 2322 ipse
1209 2252 1528 2309 delicmrum
1562 2254 1771 2322 penitus
1811 2269 2002 2321 expers

412 2340 689 2407 habeatur,
716 2342 972 2397 continuo
999 2342 1049 2395 in
1082 2342 1394 2398 barathrum
1425 2343 1755 2399 crudelitatis
1781 2344 2001 2398 misera-

412 2433 586 2488 biliter
619 2434 781 2488 cadit.
807 2435 874 2488 Et
902 2434 1168 2489 clamante
1207 2444 1503 2488 memorato
1532 2434 1776 2501 apostolo
1809 2451 1824 2488 :
1862 2434 2004 2488 Alter

412 2524 624 2578 alterius
646 2539 804 2577 onera
830 2534 1049 2594 portate,
1074 2533 1120 2578 et
1142 2524 1214 2578 sic
1232 2524 1578 2593 adintplebitis
1600 2525 1758 2595 legem
1780 2522 1966 2576 Christi
1980 2540 2001 2590 ,-

412 2616 606 2670 nullius
637 2629 773 2670 onus
814 2627 1028 2685 ponatis
1058 2631 1152 2684 per
1185 2616 1526 2681 patientiam,
1556 2615 1611 2667 fit
1644 2615 2001 2683 importuhilis

413 2708 679 2768 omnin-ns,
712 2707 1071 2774 paulatimque
1108 2706 1235 2761 odio
1266 2717 1537 2761 crescente
1573 2706 1883 2771 multorum,
1913 2709 1997 2774 ja-

416 2810 575 2853 nuam
610 2795 856 2863 primizus
895 2795 1277 2859 seditionibus,
1314 2796 1507 2851 deinde
1553 2796 1776 2864 publicis
1820 2796 2001 2864 aperit

419 2886 651 2959 prwliis;
676 2884 939 2955 cupiendo
960 2901 1080 2941 esse
1108 2887 1332 2941 multum
1358 2886 1558 2956 justus,
1580 2901 1708 2942 vere
1736 2886 1905 2941 factus
1925 2888 2004 2941 in-

418 2980 605 3046 iustus,
630 2986 685 3033 et
714 2978 930 3038 nomine
958 2990 1050 3034 aut
1072 2980 1250 3051 officio
1277 2981 1425 3035 duc‘s
1454 2981 1722 3054 indignus.
1749 2981 2007 3036 Necessa-

2103 1794 2339 1847 cord‘am
2369 1795 2449 1848 cui
2482 1797 2625 1849 solus
2659 1796 2797 1850 Deus
2824 1798 2973 1850 testis
3002 1809 3084 1851 est
3117 1803 3447 1866 provocavit.
3469 1803 3675 1856 Oratio.

2104 1887 2188 1939 nis
2240 1903 2452 1956 quoque
2484 1888 2715 1958 regulam
2746 1887 2902 1942 simul
2927 1898 2982 1943 et
3009 1894 3166 1945 verba
3206 1893 3550 1950 credentibus
3575 1907 3677 1949 In-

2104 1977 2255 2043 dcns,
2310 1978 2408 2031 hac
2443 1980 2749 2031 enriditiouc
2790 1980 3099 2032 constrinxit
3128 1990 3358 2041 orantes.
3383 1994 3437 2036 ut
3461 1986 3676 2052 quicun-

2110 2085 2213 2138 que
2242 2070 2469 2136 j‘ostulnt
2510 2070 2608 2123 sibi
2647 2070 2854 2139 propria
2886 2071 3063 2125 debita
3102 2071 3347 2137 relaxari,
3375 2077 3679 2141 proﬁteatur

2104 2176 2162 2215 se
2206 2163 2377 2214 aliena
2408 2162 2641 2216 donare:
2685 2162 2815 2215 nihil
2840 2172 3158 2229 accepturus
3185 2178 3212 2215 a
3248 2164 3489 2229 Domino,
3520 2168 3564 2221 si
3596 2171 3674 2221 ni-

2112 2252 2186 2305 hil
2220 2254 2445 2307 voluerit
2488 2264 2740 2322 prmstare
2784 2268 3059 2311 conservo.
3101 2254 3231 2320 Quia
3259 2263 3314 2309 et
3335 2254 3508 2325 jejuni
3536 2256 3679 2311 Chri-

2105 2344 2261 2397 stiani
2301 2344 2615 2413 simplicitas
2650 2344 2850 2414 justum
2886 2345 3117 2413 judicent
3150 2346 3346 2414 placat;
3369 2353 3428 2399 et
3456 2344 3531 2400 ibi
3564 2361 3682 2402 con-

2105 2449 2324 2503 gt‘egare
2372 2436 2604 2500 divitias,
2657 2435 2743 2491 ubi
2794 2450 2888 2490 cor
2940 2435 3137 2490 habere
3188 2437 3423 2504 jubetur,
3470 2440 3523 2491 in
3550 2440 3679 2501 cado

2108 2525 2313 2580 scilicet
2348 2526 2435 2579 nbi
2473 2525 2713 2580 habitare
2756 2525 2991 2589 festinat,
3036 2540 3138 2578 non
3172 2528 3223 2579 in
3260 2537 3401 2581 terra
3433 2530 3571 2582 unde
3595 2545 3680 2596 per

2107 2614 2348 2684 singulos
2378 2614 2493 2669 dies
2536 2615 2759 2683 migrat:
2795 2629 3138 2669 remansuros
3176 2616 3490 2671 intenebris
3524 2630 3679 2685 totus,

2108 2706 2210 2760 nisi
2243 2708 2437 2761 mentis
2477 2706 2594 2777 ejus
2636 2706 2877 2774 intentio,
2922 2715 3169 2776 tanquam
3208 2710 3389 2764 oculus
3415 2714 3671 2779 corporis,

2107 2799 2174 2853 ad
2206 2800 2549 2853 illuminanda
2578 2800 2834 2854 bonorum
2870 2814 3089 2867 operum
3119 2802 3356 2856 membra
3376 2789 3682 2870 simpliciter

2109 2890 2301 2946 luceat.
2337 2891 2450 2945 Jam
2500 2906 2628 2944 vero
2658 2890 2794 2960 quod
2828 2906 2931 2943 non
2979 2891 3181 2944 servire
3211 2892 3419 2946 duobus
3455 2894 3635 2947 domin
3657 2912 3681 2949 s

2111 2983 2454 3045 admonetur,
2483 2987 2625 3049 quod
2647 2982 2712 3036 de
2743 2982 2978 3036 crastino
3004 2996 3107 3036 non
3139 2981 3394 3051 cogitare,
3423 2986 3564 3052 quod
3584 3002 3681 3040 non

418 3073 554 3127 rium
583 3071 806 3142 proinde
837 3088 1167 3137 sermonem,
1193 3074 1296 3126 dux
1327 3074 1546 3140 optime,
1572 3073 1767 3141 saepius
1796 3083 1999 3142 repeto,
2033 3072 2077 3131 (Ἰ
2107 3074 2367 3140 ιυιιὶεειι-θ,
2420 3088 2486 3126 ne
2517 3073 2815 3140 judicetnr;
2853 3071 2994 3141 quod
3040 3072 3093 3126 in
3134 3073 3289 3126 oculo
3324 3075 3502 3128 fratris
3524 3076 3682 3143 stipo-

417 3171 469 3217 ει
498 3161 636 3217 hanc
678 3162 769 3223 tibi
810 3172 1015 3218 sextam
1057 3163 1291 3234 regulam
1333 3163 1653 3219 innoceniize
1685 3163 2003 3219 militaribus

417 3253 623 3308 actibus
669 3268 931 3323 occupato
972 3253 1320 3308 vehementer
1362 3254 1570 3307 iuculco
1635 3268 1650 3306 :
1715 3251 1841 3306 Noli
1902 3269 2008 3306 esse

416 3346 630 3408 amilum
654 3349 841 3414 iustus.
863 3344 1037 3399 Pietas
1060 3346 1129 3398 ad
1150 3346 1321 3399 omnia
1350 3344 1489 3399 utilis
1512 3352 1584 3398 est
1609 3343 1659 3415 (ι
1682 3342 1807 3396 Tim.
1825 3360 1895 3409 Iv,
1913 3344 2001 3412 8);

420 3453 523 3498 non
550 3454 672 3510 ego,
696 3438 788 3493 sed
819 3436 958 3495 idem
991 3437 1362 3493 sanctissimus
1396 3436 1588 3491 Paulus
1621 3444 1824 3493 narrat.
1862 3436 2007 3490 Licet

414 3527 621 3599 justitia
665 3527 822 3582 faciat
858 3527 1048 3582 ducem
1088 3528 1406 3592 terribilem,
1440 3530 1607 3595 pietas
1648 3526 1774 3580 facit
1804 3527 2009 3582 amabi-

416 3622 544 3678 lem.
578 3616 959 3673 Gubernationi
991 3600 1167 3672 autem
1200 3617 1531 3685 reipublicae,
1562 3617 1837 3671 securitati
1869 3616 2009 3669 salu—

421 3711 521 3774 tis.
565 3710 707 3765 bono
753 3711 1055 3765 concor-dire
1105 3710 1224 3780 plus
1270 3710 1611 3778 prospicitur,
1650 3707 1863 3777 quando
1903 3707 2008 3759 dux

422 3805 657 3873 Optimus
685 3803 851 3858 amari
881 3802 1056 3874 eligit,
1094 3817 1199 3856 non
1236 3800 1436 3856 timeri.
1473 3800 1585 3853 Dux
1614 3798 1857 3852 amabilis
1895 3813 2009 3851 niu-

424 3911 520 3951 rus
547 3905 629 3949 est
657 3895 855 3964 patria}.
887 3893 983 3960 Qui
1010 3908 1136 3947 vero
1166 3891 1219 3946 in
1246 3892 1389 3945 omni
1420 3900 1677 3957 tempore,
1706 3887 2012 3942 continuato

428 3986 615 4058 vigore
640 3993 751 4041 met
787 3986 956 4039 endus
983 3993 1224 4051 apparet,
1250 3995 1438 4035 omnes
1465 3979 1708 4033 subditos
1732 3977 1896 4032 eflicit
1930 3978 2010 4043 in:

430 4082 645 4146 fideles;
692 4078 847 4133 f-cile
896 4079 1049 4131 tinet
1100 4076 1473 4142 proditionem,
1510 4071 1716 4125 fatilius
1758 4070 1954 4138 patitur
1996 4085 2011 4121 :

431 4187 719 4228 extraneos
747 4169 876 4225 vivit
903 4170 1041 4221 inter
1072 4180 1226 4230 suos;
1268 4172 1469 4216 tantum
1516 4174 1786 4229 postremo
1834 4159 2010 4224 timet,

436 4274 691 4334 omnitum
732 4262 980 4327 timetur;
1018 4268 1073 4313 et
1111 4258 1211 4310 hoc
1243 4252 1565 4308 infillcitatis
1606 4248 1819 4320 ﬂagello
1850 4249 2018 4303 null..-

434 4366 584 4410 ιειιιιε
612 4363 778 4418 caret,
807 4348 1151 4412 nisi,cunctis
1179 4352 1484 4399 mansuetus
1505 4352 1559 4395 et
1581 4340 1750 4396 CUllliS
1771 4337 2013 4402 ell'ecrus,

433 4446 679 4502 (Ιξιιιιθιοὶι
725 4443 824 4497 sibi
868 4441 1079 4514 quando
1110 4439 1334 4494 alterum
1366 4435 1569 4507 judicat
1596 4434 1775 4488 dicere
1828 4449 1841 4484 :

430 4551 541 4589 esse
559 4537 728 4605 justus
756 4530 990 4589 multum.

619 4635 826 4684 Sanun
848 4648 1050 4684 ιιεαυιΑ.
1078 4636 1312 4683 Memento
1337 4637 1382 4681 te
1403 4643 1504 4681 esse
1525 4629 1864 4681 Christianum.

513 4743 600 4796 ω.
622 4742 887 4797 Memento
914 4751 964 4793 te
986 4755 1106 4795 esse
1132 4738 1515 4814 Christianum,
1532 4750 1641 4805 quo
1667 4734 1874 4789 facilius
1900 4747 2013 4803 pos

436 4835 514 4897 sis
540 4846 806 4907 pra-cepta
833 4833 1027 4888 Christi
1066 4846 1301 4887 servare.
1329 4830 1573 4883 Christus
1601 4830 1744 4884 enim
1778 4840 2021 4880 mansue-

440 4930 678 4987 tudinem
718 4929 938 4991 docens,
967 4926 1099 4997 legis
1136 4940 1348 4996 quoque
1379 4924 1634 4991 jUSlii'aill
1680 4919 2020 4989 temperavit;

446 5024 543 5078 hac
582 5022 924 5077 distinetione
976 5019 1145 5089 legem
1202 5014 1652 5084 rvangeliumque
1692 5011 2021 5067 discernens.

451 5114 515 5165 tt
543 5112 665 5179 quia
694 5111 748 5165 in
779 5110 897 5179 lege
927 5123 1032 5163 non
1066 5104 1254 5162 licebat.
1295 5103 1563 5165 occidere,
1601 5117 1707 5155 non
1751 5100 1931 5153 licebit
1975 5097 2027 5151 in

449 5202 741 5270 Evangelio
788 5201 868 5256 vel
912 5200 1093 5255 irasci.
1137 5200 1190 5253 In
1252 5198 1367 5266 leée
1425 5209 1655 5263 namque
1709 5192 2027 5247 adulterium

451 5292 774 5357 vetabatur;
823 5294 879 5346 in
938 5290 1265 5360 Evangelio,
1315 5288 1473 5342 etiam
1538 5284 1720 5338 videre
1779 5282 1845 5336 ad
1904 5296 1934 5335 c
1972 5297 2032 5334 n-

449 5381 830 5455 cupisccndum
875 5383 1152 5436 mulierem
1204 5395 1325 5446 pars
1368 5392 1487 5432 esse
1541 5375 1829 5445 perpetrati
1880 5371 2031 5424 adul-

454 5476 572 5532 terii
613 5472 898 5543 iudicatur.
931 5472 986 5524 In
1017 5472 1129 5542 lege
1157 5471 1367 5525 libellus
1413 5467 1615 5534 repudii
1644 5465 1801 5519 sultic
1820 5466 1942 5517 ebut
1970 5461 2032 5513 ad

456 5569 714 5638 conjuges
751 5563 1104 5635 separandos;
1139 5564 1190 5617 in
1234 5562 1540 5631 Evangelia,
1570 5558 1683 5614 sin»:
1732 5556 1754 5610 f
1786 5554 2033 5612 rnieatio-

531 5715 555 5747 ⁸
581 5706 661 5760 At!
695 5700 993 5763 prouidere?
1020 5700 1121 5754 Sed
1156 5700 1280 5754 nihil
1315 5708 1483 5754 mutu.

2108 3164 2434 3227 lamvidcre,
2469 3166 2519 3217 in
2546 3178 2645 3217 suo
2694 3164 2896 3217 trabem
2953 3177 3055 3216 non
3104 3163 3287 3217 videre
3332 3166 3681 3234 culpamr;rt

2110 3256 2403 3323 imperatur
2430 3255 2481 3309 ei
2528 3269 2595 3309 ne
2627 3264 2865 3308 sanctum
2896 3254 3117 3308 canibus
3145 3254 3254 3321 det,
3287 3269 3354 3309 ne
3376 3258 3679 3326 margaritas

2109 3344 2321 3398 mittere
2358 3344 2551 3399 audeat
2585 3354 2710 3398 ante
2744 3359 2969 3412 porcos;
3021 3345 3281 3412 petiturus
3336 3354 3394 3399 ut
3438 3348 3675 3414 accipiat,

2108 3435 2431 3505 quaesiturus
2478 3445 2536 3488 ut
2579 3433 2832 3496 inveniat,
2887 3434 3190 3501 pulsalurus
3229 3444 3283 3487 ut
3309 3420 3578 3503 aperiatur
3604 3453 3631 3488 e
3665 3454 3675 3486 :

2111 3527 2293 3581 multis
2339 3527 2512 3580 modis
2552 3535 2607 3581 et
2655 3525 2947 3580 rationibus
3001 3525 3400 3580 demonstratur
3438 3538 3678 3596 quantum

2111 3619 2304 3674 debeat
2326 3619 2605 3672 laudabilis
2637 3619 2892 3688 propositi
2916 3632 3095 3671 curam
3127 3634 3311 3688 gerere
3335 3618 3675 3686 Christianus,

2114 3727 2180 3765 ne
2212 3711 2263 3763 in
2294 3725 2359 3764 eo
2392 3710 2523 3763 tanti
2559 3709 2800 3764 vocabuli
2822 3709 3053 3779 dignitas
3083 3710 3320 3764 videatur
3347 3725 3550 3766 errare.

2182 3800 2272 3855 20.
2338 3801 2626 3868 Propterea
2685 3808 2741 3852 ut
2766 3815 2859 3866 per
2913 3800 3115 3867 singula
3162 3815 3282 3868 qua:
3335 3802 3578 3867 superius
3620 3817 3676 3854 cr

2117 3890 2411 3960 Evangelia
2458 3891 2782 3945 iuseruimus
2819 3898 3061 3944 recurrat
3098 3891 3340 3956 intentio,
3393 3893 3600 3961 quando
3633 3902 3679 3945 te

2118 3993 2353 4054 potestas
2400 3984 2553 4039 ducis
2597 3982 2792 4053 ejicere
2822 3983 3052 4052 gladium
3081 3984 3148 4038 de
3173 3985 3357 4053 vagina
3401 3987 3675 4055 compellit,

2119 4089 2389 4134 memento
2415 4087 2468 4135 te
2506 4093 2626 4133 esse
2653 4076 3037 4143 ChriStianum,
3083 4079 3165 4132 cui
3191 4079 3308 4132 sine
3350 4094 3511 4133 causa
3548 4080 3680 4133 fratvi

2118 4185 2216 4225 suo
2261 4170 2420 4225 irasci
2470 4185 2574 4224 non
2614 4172 2769 4235 licet;
2819 4178 2870 4223 et
2915 4167 3110 4223 diutius
3141 4153 3334 4239 cogiia,
3367 4186 3435 4225 ne
3467 4170 3680 4225 vindfcsa

2120 4277 2277 4331 quam
2325 4260 2528 4315 videris
2558 4261 2759 4315 inferre
2786 4262 2983 4329 justum
3019 4270 3255 4315 transeat
3280 4262 3517 4316 modum.
3548 4264 3678 4328 Qun-

2122 4353 2261 4405 niam
2293 4352 2336 4406 si
2366 4351 2522 4405 irasci
2578 4350 2727 4406 nefas
2758 4361 2840 4405 est
2868 4348 3191 4414 Christiano,
3222 4351 3390 4404 multo
3421 4352 3580 4420 magis
3601 4366 3681 4405 0c-

1895 4431 2018 4485 Νοίὶ
2049 4443 2097 4505 D
2122 4444 2321 4498 cidere.
2353 4444 2443 4499 Sic
2467 4458 2595 4514 ergo
2621 4442 2744 4512 puni
2769 4458 2940 4507 reum,
2966 4443 3071 4496 dux
3111 4441 3432 4506 Christiane,
3461 4453 3519 4497 ut
3544 4444 3684 4496 mis.“-

2126 4536 2407 4590 rieorditer
2439 4536 2653 4598 feriens,
2676 4550 2779 4589 non
2806 4535 3096 4598 hominem,
3139 4534 3232 4588 sed
3268 4534 3455 4588 vitium
3479 4536 3687 4605 perdere

2125 4631 2339 4700 cupias;
2368 4640 2422 4685 et
2457 4628 2717 4697 publicam
2748 4627 3103 4695 disciplinam,
3129 4641 3195 4682 ne
3228 4637 3431 4694 pereat,
3466 4643 3557 4683 reo
3578 4644 3686 4696 pcr-

2128 4738 2308 4786 eunze,
2340 4735 2659 4775 conservare
2690 4719 2925 4774 festines.
2967 4719 3176 4785 Ubique
3204 4719 3324 4772 fidei
3357 4727 3461 4773 tum
3478 4736 3689 4778 metuar,

2128 4814 2263 4867 sicut
2294 4814 2344 4866 in
2383 4811 2705 4865 facinoribus
2746 4810 3024 4875 evitandis,
3072 4812 3139 4863 ita
3192 4810 3242 4863 in
3284 4809 3498 4879 ﬂagitiis
3541 4812 3691 4865 corii-

2130 4905 2337 4973 gendis.
2369 4903 2514 4959 Solet
2551 4904 2748 4972 quippe
2778 4902 3008 4956 maxima
3056 4911 3289 4969 potestas
3329 4887 3396 4956 ad
3443 4918 3622 4972 pmuas
3642 4918 3698 4957 se

2137 4998 2316 5051 laxare
2360 4996 2587 5066 peccati,
2634 4995 2843 5065 quoties
2878 4994 3007 5048 falsa
3054 4994 3276 5048 felicitas
3315 4997 3427 5063 ipsa
3466 4998 3519 5049 fit
3545 4995 3697 5062 major

2138 5088 2455 5151 infelicitas;
2501 5095 2559 5142 ut
2607 5087 2725 5153 quia
2778 5085 3061 5154 prohibere
3107 5096 3264 5138 nemo
3306 5085 3468 5139 audet
3511 5084 3703 5139 scelera

2137 5180 2577 5242 committentem,
2598 5187 2691 5231 aut
2716 5176 2878 5231 libeat
2902 5174 3043 5244 quod
3070 5175 3215 5236 licet,
3246 5184 3337 5228 aut
3372 5174 3537 5229 licere
3565 5178 3705 5240 pulc-

2141 5281 2225 5325 tur
2255 5287 2413 5335 omne
2467 5270 2604 5339 quod
2639 5269 2783 5323 libet.
2832 5267 3048 5322 Talibus
3108 5267 3284 5335 itaque
3333 5266 3708 5319 tentationiluts

2142 5362 2475 5431 pulsantibus
2529 5369 2784 5418 tuentem.
2819 5357 3060 5426 quamvis
3106 5366 3354 5424 suppetat
3394 5354 3612 5409 honoris
3639 5356 3713 5407 di-

2143 5456 2334 5525 gnitas,
2368 5454 2725 5520 clientumque
2744 5465 3027 5504 numerosa
3059 5450 3290 5509 familia;
3321 5453 3559 5519 quamvis
3586 5448 3710 5503 forte

2145 5546 2383 5601 laudetur
2417 5552 2659 5615 peccator
2713 5542 2765 5598 in
2810 5541 3091 5599 desideriis
3133 5541 3323 5594 anima:
3375 5555 3506 5599 sum.
3562 5538 3709 5607 atqui
